4634 6420
454 485 493 552 12
900 491 1020 548 LEGES
1041 489 1349 550 ALAMANNORUM.
1375 523 1411 533 -
1435 489 1659 548 PRAEFATIO.

450 675 592 740 indicem
613 681 642 736 et
663 673 814 736 rubricas
836 675 872 737 in
895 681 981 736 tectu
1003 671 1105 736 babet.
1151 672 1190 736 In
1205 671 1315 736 indice
1329 672 1381 754 98,
1400 675 1437 738 in
1457 679 1546 736 kata
1568 670 1608 735 97
1631 670 1720 735 tituli
1740 671 1967 735 inveniuntur.
2008 671 2112 736 Cotta-

453 781 571 842 tionem
593 775 744 840 Merkelii
766 786 893 840 secutus
914 799 994 840 sum.

536 879 615 945 Α5.
661 880 769 945 Codeu
795 878 1054 944 Porisiensis
1075 878 1148 948 Lat.
1170 877 1254 942 4759
1276 878 1308 942 Β
1333 875 1788 961 (dinannensium),
1818 876 1857 941 de
1879 899 1942 964 qao
1964 875 2026 962 cfr.
2048 877 2114 942 LL.

453 985 515 1067 III,
534 1008 569 1070 p.
591 984 621 1048 4.
668 983 775 1050 Codea
796 1006 879 1046 saec.
901 983 940 1045 X.
964 983 1116 1068 scriptas,
1144 985 1203 1067 qui
1223 981 1310 1046 nibil
1330 982 1400 1045 nisi
1422 981 1536 1068 Leqem
1559 980 1820 1046 Alamannorum
1842 985 1992 1061 continet,
2015 1003 2117 1068 neque

450 1090 590 1153 indicem
618 1109 720 1171 neque
749 1087 900 1150 cubricus
929 1087 965 1149 in
992 1095 1081 1149 teuta
1110 1087 1178 1150 nisi
1196 1086 1412 1170 paucissimis
1433 1084 1513 1149 locis
1537 1085 1639 1148 babet.
1682 1085 1823 1149 Numeri
1846 1084 1990 1170 sinpnlis
2011 1085 2149 1150 titulis⁵

450 1201 556 1258 tentus
580 1190 742 1274 adscripti
764 1198 840 1252 sunt
862 1189 912 1252 99.
958 1189 996 1251 Iu
1020 1190 1120 1252 buius
1142 1211 1267 1274 qnoque
1288 1189 1411 1253 codicis
1433 1189 1604 1252 collatione
1627 1186 1818 1253 Merkeliam
1840 1199 1970 1252 secedas
1991 1213 2072 1259 snm.

555 1293 587 1357 A
600 1294 629 1357 6.
666 1292 774 1356 Codes:
789 1291 952 1357 tabidarii
966 1291 1166 1356 cotbedralis
1180 1293 1332 1356 ecclesiae
1347 1292 1596 1356 Mutinensis
1612 1293 1681 1360 ord.
1699 1291 1724 1374 I,
1741 1315 1772 1362 n.
1790 1293 1819 1358 2.
1841 1294 1920 1356 mbr.
1937 1317 2025 1358 anno
2041 1294 2115 1358 991.

451 1400 606 1482 scriptus,
628 1397 668 1460 de
690 1419 751 1481 qao
773 1395 834 1480 cfr.
851 1395 914 1458 LL.
932 1394 995 1478 III,
1013 1419 1048 1480 p.
1064 1396 1094 1460 3.
1109 1397 1140 1461 4.
1163 1405 1192 1459 et
1213 1394 1357 1459 ‘Arabia'
1379 1394 1436 1478 XI,
1454 1418 1492 1480 p.
1507 1394 1579 1460 599.
1595 1395 1667 1458 600.
1715 1395 1833 1476 Codex,
1856 1395 2113 1481 001101110-

454 1501 523 1565 127.
547 1501 661 1586 Leqem
678 1499 941 1564 Alamannorum
959 1502 1109 1580 continet,
1131 1499 1273 1563 indicem
1288 1499 1417 1585 quidem
1433 1497 1536 1581 babet,
1558 1499 1709 1562 rubricas
1732 1507 1839 1564 auum
1861 1501 1897 1563 in
1919 1509 2009 1564 testu
2028 1523 2116 1586 pau-

451 1607 599 1670 cissimas
620 1613 757 1668 tontum.
801 1602 939 1667 Numeri
958 1601 998 1665 97
1021 1602 1191 1668 titulorum
1212 1605 1249 1668 in
1271 1603 1382 1667 indice
1404 1610 1433 1666 et
1453 1611 1542 1666 matu
1565 1604 1772 1667 conveniunt.
1817 1603 1950 1668 Tectum
1979 1606 2116 1670 contulit
2138 1623 2167 1663 ιο

452 1709 485 1774 J.
510 1707 642 1789 Merkel,
664 1729 756 1791 quem
779 1717 907 1770 secutus
929 1730 1010 1772 sum.
1837 1747 1839 1752 ·

558 1811 632 1878 A7.
679 1809 788 1876 Codes
817 1810 890 1876 bibl.
919 1811 1047 1874 ducalis
1071 1809 1285 1875 Gotbanae
1307 1809 1357 1878 84.
1381 1831 1463 1872 saec.
1486 1807 1543 1872 XI.
1565 1809 1721 1890 ineuntis,
1751 1809 1875 1896 dequo
1898 1808 2028 1895 cf.LL.
2051 1810 2117 1877 ΙΙΙ,

448 1939 484 2001 p.
507 1917 537 1980 4.
560 1923 588 1976 et
609 1897 753 1978 ‘Arellio'
775 1915 832 1996 XI,
851 1938 887 1999 p.
911 1915 982 1978 607.
1029 1914 1148 1994 Codex,
1178 1914 1273 1978 caius
1290 1911 1392 1996 foliis
1419 1911 1590 1978 195-201.
1615 1913 1683 1975 Len
1706 1913 1968 1978 Alamannorum
1990 1919 2116 1999 scripta

452 2027 506 2100 est,
527 2019 668 2082 indicem
690 2019 826 2100 conbibet,
847 2018 998 2083 rubricas
1019 2017 1055 2080 in
1074 2025 1163 2080 teuta
1173 2017 1408 2102 paucissimas.
1453 2016 1589 2079 Initium
1611 2017 1735 2081 indicis
1746 2015 1837 2101 folio
1858 2040 1926 2081 ano
1949 2019 2117 2103 deperdito

452 2145 553 2207 usque
575 2122 620 2184 ad
642 2123 688 2185 tit.
705 2120 792 2185 LVI.
808 2121 903 2188 deest.
947 2120 1086 2185 Numeri
1108 2120 1147 2185 97
1171 2121 1338 2184 titsdoram
1360 2121 1398 2184 in
1421 2120 1530 2184 indice
1552 2129 1581 2182 ct
1602 2129 1690 2184 teuta
1713 2121 1923 2186 concordant.
1970 2121 2116 2188 Codicum
2139 2138 2165 2178 ¹⁶

454 2250 475 2289 a
498 2225 654 2290 Merkelio
678 2225 838 2304 collatum,
861 2225 923 2288 buc
946 2225 1175 2286 transmissum
1197 2225 1269 2307 ipse
1290 2223 1397 2286 denuo
1421 2223 1554 2286 contuli.

556 2329 630 2393 ΑΒ.
678 2327 786 2392 Codes>
807 2329 937 2392 ducalis
960 2326 1314 2413 Guelferbytanus
1340 2326 1403 2389 560
1428 2323 1522 2408 (olim
1544 2327 1630 2390 inter
1654 2325 1929 2394 Helmstadienses
1951 2353 2001 2394 nr.
2024 2331 2116 2412 513),

452 2432 581 2498 saeculo
602 2432 688 2496 VIII.
704 2433 858 2515 scriptus,
873 2433 912 2495 de
928 2455 991 2516 quo
1007 2431 1067 2516 cfr.
1085 2429 1150 2492 LL.
1165 2430 1230 2510 ΙΙΙ,
1244 2453 1281 2514 p.
1297 2429 1327 2492 2.
1343 2439 1372 2493 et
1393 2429 1429 2492 0.
1445 2451 1508 2492 000
1526 2429 1745 2515 Heinemann,
1761 2432 1836 2497 ‘Dic
1852 2433 2114 2519 Hondsclriften

451 2538 509 2600 der
525 2535 748 2620 lierzoplicben
765 2535 946 2599 Bibliotkek
960 2558 1001 2598 zu
1021 2532 1248 2618 Wolfenbitttel'
1272 2533 1390 2614 (1886)
1410 2555 1447 2617 p.
1460 2532 1488 2594 7.
1504 2534 1534 2598 8.
1580 2533 1644 2596 Hic
1667 2537 1779 2618 codem,
1801 2538 1860 2619 qui
1881 2535 1985 2602 solam
2001 2537 2115 2624 Lepem

449 2639 714 2704 Alamannorum
738 2641 888 2720 continet,
911 2638 1018 2702 codici
1040 2639 1070 2700 A
1087 2638 1114 2700 1.
1137 2645 1292 2700 vetustate
1314 2645 1342 2698 et
1365 2635 1506 2700 barbaro
1530 2659 1673 2700 sermone
1692 2660 1769 2722 por,
1802 2639 1912 2704 valore
1934 2649 2040 2705 tamen
2063 2644 2113 2704 in·
2135 2661 2165 2700 so

439 2744 552 2828 ferior
574 2751 628 2806 cst.
673 2741 760 2805 Nam
776 2743 885 2807 inultis
899 2743 979 2806 locis
994 2750 1114 2805 tentum
1129 2741 1315 2804 mutilatum
1329 2737 1377 2803 ael
1392 2749 1583 2826 corruptum
1605 2743 1741 2822 ealeibet,
1759 2745 1897 2827 proprii
1919 2753 2025 2807 autem
2037 2743 2116 2828 fere

450 2849 535 2911 nibil
555 2845 658 2910 babet.
703 2845 857 2908 Laudari
876 2847 983 2930 ipitnr
1003 2848 1039 2910 in
1059 2847 1174 2928 priore
1196 2844 1334 2907 editione
1357 2865 1423 2907 non
1442 2852 1557 2927 potest,
1579 2846 1669 2929 qaod
1690 2867 1761 2909 enm
1782 2848 1889 2930 primo
1912 2847 1981 2910 loco
2001 2850 2116 2930 posait

450 2950 526 3031 Sed,
549 2952 630 3036 quia
645 2957 799 3012 vetustate
814 2948 1005 3033 omncsfere
1021 2949 1104 3012 alios
1119 2947 1245 3012 codices
1259 2956 1405 3032 superat,
1426 2956 1532 3010 teatin
1547 2950 1618 3012 eius
1627 2949 1886 3033 perpendendae
1901 2959 1957 3034 est,
1980 2953 2115 3037 necando

449 3055 545 3118 ceteri
572 3053 698 3116 codices
724 3053 811 3115 inter
840 3075 873 3116 se
901 3052 1101 3136 discrepant.
1151 3051 1193 3114 Et
1220 3051 1322 3114 indesc
1349 3059 1377 3113 et
1404 3050 1556 3114 rubricae
1583 3053 1619 3115 in
1648 3061 1737 3115 textu
1759 3063 1898 3135 enatant,
1928 3055 1985 3118 sed
2012 3055 2115 3120 iudea

394 3141 396 3146 ¹
452 3179 473 3218 a
496 3159 542 3220 tit.
561 3155 693 3220 LXVII.
715 3155 870 3220 editionis
892 3165 1023 3220 nostrae
1046 3154 1162 3238 deficit.
1208 3153 1388 3220 Titulorum
1410 3177 1560 3218 nume-ros
1580 3154 1637 3219 102
1660 3157 1761 3220 babet.
1808 3156 1955 3221 Codicem
1979 3181 2000 3220 a
2023 3157 2050 3221 b.
2073 3181 2114 3224 m.
2135 3179 2164 3219 m

451 3259 542 3323 Perta
563 3261 630 3322 iam
652 3259 822 3338 evolutum,
845 3259 939 3322 nobis
961 3262 1189 3324 transmissum
1211 3281 1284 3322 cam
1306 3259 1401 3322 editis
1424 3260 1530 3322 ‹lenuo
1553 3257 1686 3324 contudi.

554 3364 583 3424 A
599 3362 628 3425 9.
664 3360 771 3426 Codes·
786 3361 1047 3427 Parisieusis
1070 3361 1140 3425 Lot.
1155 3362 1248 3426 4404.
1271 3360 1395 3425 saeculi
1409 3361 1465 3424 IX.
1481 3363 1639 3444 ineuntis,
1662 3363 1700 3425 de
1716 3384 1779 3448 qno
1796 3362 1856 3447 cfr.
1875 3363 1938 3427 LL.
1956 3363 2019 3446 III,
2032 3389 2067 3449 p.
2083 3366 2114 3430 2.

453 3465 579 3548 Codex,
617 3468 675 3551 qui
702 3475 821 3529 aaron
851 3465 947 3551 Lapis
976 3465 1241 3530 Alamannorum
1260 3464 1326 3549 fol.
1353 3463 1526 3530 194-209.
1557 3466 1714 3548 continet,
1751 3489 1791 3528 ea
1820 3468 1928 3531 eodem
1947 3466 2045 3553 fonte
2075 3493 2114 3534 ac

451 3570 515 3632 Α8
541 3578 690 3654 sumptus
719 3571 864 3650 videtum·
894 3593 1070 3635 sermonem
1100 3578 1206 3633 nutem
1235 3570 1342 3654 monis
1368 3567 1508 3652 politum
1534 3579 1562 3632 et
1591 3570 1796 3634 emersdatum
1821 3571 1964 3654 praebet.
2009 3572 2115 3636 Indea·

451 3695 552 3757 usque
580 3673 626 3736 ad
653 3673 699 3736 tit.
722 3672 827 3736 LVII.
858 3673 1011 3738 editionis
1038 3681 1168 3738 nostrae
1197 3675 1314 3736 ductus
1341 3681 1394 3735 est.
1438 3672 1604 3736 liubricae
1631 3675 1667 3737 in
1695 3681 1783 3736 tenta
1807 3677 2034 3757 paucissimae
2062 3679 2113 3740 in·
2134 3699 2164 3737 so

450 3777 637 3840 veniuntur.
683 3778 785 3841 Tituli
811 3779 846 3841 in
877 3786 966 3841 tenta
988 3779 1029 3841 94
1051 3787 1145 3840 sunt'
1182 3774 1327 3842 Codicem
1344 3799 1364 3838 a
1379 3777 1406 3845 b.
1423 3799 1464 3839 m.
1481 3776 1588 3840 Knust
1610 3777 1771 3858 collatum,
1798 3777 1860 3840 buc
1884 3780 2114 3844 transmissam

449 3903 509 3965 eqo
531 3881 638 3944 denseo
661 3883 845 3966 recopnooi.

474 4011 477 4018 ·
534 3983 565 4046 A
583 3983 631 4048 10.
670 3984 779 4049 Coelen
801 3983 1099 4069 Sonpallensis
1121 3983 1193 4064 729,
1215 3985 1252 4047 in
1270 3984 1386 4069 priore
1403 3992 1501 4068 porte
1523 3982 1648 4047 saeculi
1662 3982 1719 4047 IX.
1742 3985 1896 4068 scriptus,
1919 3985 1958 4048 de
1973 4009 2036 4070 qao
2051 3986 2114 4072 cfr.

449 4085 514 4148 LL.
543 4085 612 4167 III,
641 4109 674 4172 p.
697 4088 727 4152 2.
750 4088 780 4152 3.
827 4087 952 4168 Coelen,
983 4089 1042 4172 qni
1070 4097 1191 4152 tentum
1212 4087 1310 4172 Lapis
1330 4085 1594 4152 Alamannorum
1623 4110 1644 4150 a
1672 4087 1805 4172 popina
1833 4088 1904 4154 355.
1939 4113 2039 4174 nsque
2069 4093 2115 4154 od

449 4192 613 4276 popinam
635 4191 707 4259 404,
732 4193 881 4273 continet,
909 4192 1049 4255 indicem
1072 4193 1196 4271 omittit,
1223 4191 1376 4256 rubricas
1393 4190 1560 4276 plerisque
1581 4187 1696 4271 titulis,
1724 4189 1781 4254 sed
1803 4213 1868 4254 non
1892 4193 2050 4276 omnibus,
2076 4197 2113 4258 in
2135 4215 2162 4254 u

453 4302 541 4356 teoctu
570 4293 706 4358 additas
733 4294 867 4360 exbibet.
920 4293 1023 4358 Tituli
1049 4293 1090 4358 98
1118 4304 1361 4359 enumerantur.
1405 4294 1511 4378 Saepe
1542 4294 1594 4356 bic
1621 4295 1722 4358 eaden
1752 4317 1774 4357 a
1800 4291 1937 4379 reliquis
1966 4297 2115 4362 omnibus

374 4457 376 4462 .
453 4396 619 4461 codicibus
649 4396 766 4482 differt.
817 4397 980 4480 Codicem,
1010 4423 1030 4462 a
1060 4396 1178 4464 Garolo
1207 4397 1349 4484 Weqdin
1378 4400 1447 4462 iam
1476 4397 1645 4481 collatum,
1674 4395 1767 4462 nobis
1796 4402 2026 4464 transmissum
2056 4424 2114 4488 epo

453 4500 558 4564 denseo
580 4503 763 4587 recopnooi.

558 4604 654 4668 All.
699 4603 807 4671 Oodeae
829 4603 960 4669 ducalis
984 4604 1334 4691 Gerelferbytanus
1358 4603 1538 4669 Gudianus
1559 4602 1631 4670 327.
1660 4606 1784 4672 saccali
1806 4606 1862 4671 IX.
1889 4607 2045 4687 ineuntis,
2075 4607 2115 4672 dc

453 4729 515 4792 qao
538 4705 598 4790 cfr.
623 4707 686 4771 LL.
709 4707 774 4790 III,
788 4731 829 4792 p.
851 4709 882 4772 4.
928 4709 1029 4784 Quem
1050 4709 1191 4773 codicem
1213 4733 1234 4773 a
1255 4708 1381 4772 duobus
1402 4709 1552 4773 librariis
1564 4709 1642 4792 fere
1665 4710 1772 4772 eodem
1795 4717 1936 4794 tempore
1958 4713 2163 4795 scriptumne

453 4832 528 4891 esse,
551 4811 783 4876 demonstravit
803 4811 837 4878 J.
859 4812 991 4894 Merkel,
1017 4834 1155 4898 quornm
1178 4811 1260 4876 alter
1281 4812 1449 4898 eaeemplar
1469 4811 1616 4876 codicum
1638 4811 1753 4879 classis
1776 4812 1816 4897 A,
1845 4811 1927 4878 alter
1948 4815 2115 4899 eaemplor

453 4913 599 4979 codicum
621 4913 734 4978 classis
755 4914 785 4978 B
807 4925 882 4979 ante
904 4915 1012 4980 oculos
1035 4914 1157 4979 babuit.
1204 4915 1315 5008 Quare
1337 4916 1424 4980 duae
1443 4924 1557 5002 partes
1579 4915 1834 5001 distinqnendoe
1859 4926 1944 5000 sunt,
1973 4941 2113 5004 qeenrrcm

454 5017 559 5082 altera
581 5018 627 5081 ad
648 5019 782 5082 classem
805 5017 846 5098 A,
877 5017 980 5082 altera
1007 5019 1052 5082 ad
1074 5017 1208 5084 classem
1231 5020 1263 5083 B
1286 5021 1448 5106 ponenda
1477 5028 1531 5084 est.
1576 5018 1660 5082 Pars
1683 5020 1728 5084 ad
1749 5018 1883 5084 classem
1906 5021 2113 5105 Aponendo

454 5121 675 5206 complectitur
695 5121 835 5186 indicem
858 5132 886 5185 et
906 5123 954 5186 tit.
977 5121 1101 5184 I-XX
1106 5122 1151 5190 VI.
1174 5122 1272 5187 XLII
1289 5124 1370 5188 med.
1395 5161 1433 5172 -
1456 5123 1548 5186 LIII.
1570 5123 1725 5187 editionis
1747 5133 1877 5188 nostrae
1889 5123 1955 5208 fol.
1977 5123 2111 5191 65-73.

453 5224 587 5290 75-81.
611 5225 745 5290 90-93.
789 5225 873 5288 Pars
896 5225 942 5289 ad
963 5224 1098 5288 classem
1122 5225 1152 5289 B
1173 5227 1358 5309 referenda,
1384 5251 1481 5313 quam
1501 5226 1606 5291 literis
1628 5226 1659 5289 B
1677 5228 1725 5290 11.
1748 5225 1949 5312 sipnijicani,
1972 5229 2114 5292 coritinet
2132 5253 2162 5293 ⁴5

453 5330 500 5397 tit,
525 5328 574 5394 VI.
597 5328 660 5391 XX
667 5326 887 5397 VIII-XLII.
911 5328 1124 5394 LV-XCIX.
1148 5330 1303 5394 editionis
1331 5339 1463 5395 nostrae
1485 5330 1552 5414 (B)
1574 5331 1610 5394 in
1630 5327 1696 5413 fol.
1720 5329 1769 5399 74.
1793 5330 1927 5395 82-89.
1955 5331 2112 5395 94-115.

456 5431 562 5496 Coelen
592 5432 732 5496 indicem
761 5431 859 5518 Lepis
882 5431 1143 5497 Alamannorum
1173 5432 1307 5516 colibet,
1337 5433 1488 5498 rubricas
1515 5437 1552 5498 in
1579 5443 1668 5497 tectu
1690 5456 1824 5518 paucas
1853 5443 1981 5498 tantum
2009 5434 2112 5499 babet.

457 5534 603 5601 Codicem
627 5557 648 5598 a
669 5532 826 5600 Merkelio
847 5535 1017 5616 evolutum,
1040 5536 1132 5600 nobis
1154 5538 1385 5602 transmissum
1406 5561 1464 5624 epo
1487 5537 1594 5602 denuo
1616 5539 1798 5622 recopnoai.

558 5637 589 5702 A
607 5636 655 5701 12.
701 5637 809 5704 Cadere
831 5637 1087 5702 Parisiensis
1110 5638 1180 5703 Lat.
1199 5639 1301 5704 10753
1323 5637 1418 5723 (olim
1440 5642 1548 5710 Paris.
1568 5639 1687 5724 Suppl.
1711 5640 1782 5706 Lat.
1805 5641 1885 5721 215)
1908 5663 1991 5705 saec.
2013 5639 2052 5723 X,
2074 5641 2113 5704 de

455 5763 518 5827 quo
540 5741 600 5826 cfr.
615 5741 649 5806 J.
665 5740 787 5805 Merkel
809 5743 845 5805 in
861 5740 925 5804 LL.
942 5740 1006 5824 III,
1018 5763 1053 5825 p.
1073 5743 1099 5805 l.
1116 5741 1145 5805 2.
1168 5752 1197 5806 et
1211 5744 1252 5809 Il.
1269 5744 1368 5809 Solem
1389 5747 1428 5810 in
1444 5744 1508 5809 LL.
1526 5744 1557 5828 V,
1577 5767 1612 5830 p.
1630 5743 1700 5807 195.
1746 5743 1853 5808 Coelen
1875 5766 1915 5808 ea
1940 5744 2000 5806 154
2012 5743 2113 5829 soliis
2133 5769 2161 5808 so

454 5853 588 5909 constat.
633 5844 1178 5927 Ι’01.126-132,134-139Ἐεω
1193 5847 1357 5914 Iiibaaria
1372 5851 1500 5936 scripta
1519 5859 1572 5912 est.
1616 5847 1772 5932 Sequitur
1793 5849 1829 5912 in
1842 5848 1908 5933 fol.
1927 5848 2112 5914 130’·--154.
