4546 6436
347 109 471 176 1v,32.
970 109 1050 166 LEX
1074 108 1382 168 BAIWARIORUM.
1935 111 1998 169 337

239 287 241 290 ⁵
345 303 505 384 parentes
529 301 664 376 desunt,
696 302 797 364 fiscus
828 300 976 384 accipiat
1000 303 1035 363 et
1059 321 1121 382 pro
1145 299 1273 364 delicto
1304 301 1369 364 hoc
1397 301 1606 384 pauperibus
1630 301 1779 376 tribnat,
1812 304 1852 363 nt
1883 305 1998 386 posset

344 408 373 469 is
400 406 585 470 Dominum
610 407 798 491 propitium
823 407 959 483 habere,
991 406 1049 490 qui
1074 407 1179 470 dixit:
1212 416 1414 488 „Peregrinum
1440 424 1466 473 st
1490 420 1625 473 advenam
1649 435 1705 472 non
1736 419 1930 474 contristabis''
1955 408 1996 472 de

345 515 414 577 suis
437 513 557 588 rebus;
583 513 612 576 si
635 513 705 576 dux
727 513 779 576 illi
803 515 1010 578 concesserit
1033 513 1163 596 aliquid
1188 513 1323 590 habero,
1349 517 1521 598 conponat
1545 535 1622 578 curn
1648 514 1781 578 LXXX
1807 512 1911 578 sold.*

452 707 480 782 *)
505 715 590 772 LXX
613 715 659 772 sol
685 712 749 772 Gur.

426 915 432 919 ,
447 915 539 920 .-.-,.
571 915 578 920 .
609 913 1045 921 -ὴη--ῇ---
1058 914 1412 920 ..—--,——-—-—-.....

314 1067 327 1107 ι
452 1043 549 1102 Eroti.
574 1042 685 1112 XXII,
711 1044 768 1102 21:
794 1043 997 1120 Peregrinum
1021 1049 1054 1103 ct
1077 1046 1236 1102 advenam
1258 1061 1324 1101 non
1347 1044 1560 1102 contristabis.

455 1371 659 1438 Gapffllr.
683 1375 692 1437 it
716 1373 734 1427 1.
749 1370 773 1425 1.
800 1371 943 1439 accipiant,
963 1387 1040 1423 corr:
1059 1369 1176 1438 accipiat
1195 1371 1251 1426 Pa.
1313 1370 1366 1424 hoc
1384 1371 1453 1424 deest
1471 1372 1535 1438 Ρ6,·
1554 1371 1605 1426 hcc
1624 1375 1675 1438 Ad,
1694 1372 1766 1428 sah.
1833 1373 2000 1441 pauperibus

346 1459 399 1514 hoc
417 1461 461 1512 sP.
535 1476 639 1528 pauper
656 1461 714 1516 Pa.
795 1459 932 1513 tribuatur
952 1461 1008 1515 Gw.
1081 1466 1164 1512 cetera
1189 1477 1270 1528 usque
1295 1463 1331 1512 cd
1356 1461 1434 1526 finem
1459 1463 1532 1514 tituli
1556 1463 1651 1514 desunt
1669 1462 1739 1517 sich.
1812 1465 1860 1514 aut
1878 1461 1937 1528 Pl,
1956 1462 2001 1517 sP.

348 1554 438 1618 posset
455 1550 478 1602 is
497 1551 527 1617 J,·
553 1549 638 1618 possit
657 1548 680 1602 is
698 1551 761 1614 Bos,
779 1549 828 1616 Mt,
850 1550 908 1616 Τι’ῐ,
936 1549 1043 1618 possitis
1062 1549 1124 1615 Αἶά,
1143 1553 1195 1616 Ap,
1214 1551 1264 1616 Bb,
1283 1551 1335 1618 Ep,
1356 1550 1412 1618 Gur,
1429 1550 1484 1617 Jzz,
1505 1551 1561 1618 My,
1585 1552 1610 1602 T
1617 1555 1643 1616 2,
1663 1552 1704 1612 W‚·
1731 1551 1827 1620 positis
1845 1552 1889 1614 Β,
1910 1555 2002 1618 posset

350 1640 376 1691 Τ
384 1643 397 1695 l
417 1643 464 1704 (m.
480 1641 586 1708 prima)
594 1657 605 1703 ,·
626 1641 657 1690 nt
675 1638 788 1706 possetis
807 1639 871 1702 Ala·
895 1638 981 1706 possit
999 1640 1051 1704 Ad,
1072 1639 1137 1704 Her,
1156 1642 1222 1708 P4,·
1247 1638 1361 1714 possetis
1378 1645 1434 1696 cett.
1466 1642 1475 1706 Η
1507 1641 1524 1694 l.
1541 1638 1566 1694 2.
1591 1639 1749 1710 Dominum]
1769 1640 1857 1693 Deum
1878 1641 1929 1707 Ad,
1948 1641 2000 1706 Ap,

304 1727 814 1794 10Attretfflerdtz,M9,Mr,⁸P.
869 1727 1018 1796 propitium
1038 1729 1106 1780 deest
1127 1719 1196 1783 ij
1246 1727 1349 1782 habere
1367 1728 1519 1797 propitium
1539 1729 1586 1784 Gt.
1643 1728 1698 1798 qni]
1717 1729 1780 1797 quis
1797 1730 1854 1796 My,
1874 1729 1922 1794 Mt,
1943 1728 2001 1784 Po.

348 1817 418 1870 dixit
435 1817 486 1886 (xit
503 1819 594 1884 erasa)
615 1818 671 1873 Pa.
744 1815 891 1886 peregrinu
909 1805 954 1872 sP.
1019 1818 1131 1870 sideest
1149 1816 1210 1888 Mt
1262 1816 1398 1871 advenum
1418 1817 1466 1884 Cb,
1484 1818 1518 1881 J,·
1536 1818 1671 1871 advenam
1696 1819 1751 1874 Ta.
1826 1817 2000 1872 contristabis

347 1906 382 1959 de
406 1906 461 1958 suis
479 1905 568 1962 rebus.
605 1904 635 1959 si
653 1905 709 1958 dux
728 1907 791 1971 Bos,
809 1906 847 1972 K,
867 1906 925 1970 1³6,
949 1907 975 1958 Τ
981 1910 1007 1972 2,
1029 1907 1091 1969 Tin
1117 1905 1299 1962 contristabis.
1331 1905 1371 1957 Dc
1390 1907 1444 1960 suis
1462 1897 1552 1974 rebus,
1571 1907 1592 1959 si
1611 1907 1674 1960 Dux
1691 1908 1751 1959 Her
1759 1926 1770 1970 ,·
1795 1905 2000 1962 contristabitis.

347 1995 387 2047 De
406 1994 460 2048 suis
480 1995 561 2048 rebus
579 1995 602 2048 si
620 1995 677 2048 dux
690 1996 746 2062 Εὐ,-
766 1994 962 2049 contristabitis
981 1994 1015 2048 de
1034 1994 1088 2047 suis
1107 1985 1196 2049 rebus.
1228 1994 1259 2049 Si
1275 1993 1411 2057 dux'Alt,·
1429 1995 1631 2048 contristabunt
1648 1995 1683 2049 de
1702 1996 1784 2049 rebus
1801 1996 1863 2050 suis.
1895 1994 1925 2049 Si
1944 1995 2000 2048 dux

347 2085 404 2151 Μφ,
422 2084 481 2147 ΜΗ
500 2084 673 2138 contristabis
691 2084 725 2138 ds
743 2085 825 2137 rebus
845 2083 908 2140 suis.
931 2083 967 2152 ¹Si
988 2083 1045 2140 dux
1063 2084 1119 2148 sP,·
1137 2083 1363 2162 contristabisydc
1381 2083 1435 2137 suis
1454 2084 1535 2137 rebus
1553 2083 1575 2136 si
1594 2083 1650 2136 dux
1669 2085 1730 2147 Alc,
1749 2085 1806 2140 le.
1837 2089 1846 2149 ΙΙ
1878 2083 1934 2140 tt.
1954 2083 2000 2137 iile

304 2187 328 2224 ro
347 2173 404 2240 Mp,
421 2173 470 2238 Mt,
489 2174 534 2229 aP.
607 2173 771 2226 concesserit
789 2190 812 2228 a.
832 2173 858 2227 h.
878 2173 919 2225 illi
938 2173 989 2241 Ep.
1043 2172 1204 2226 oonsssserit
1221 2174 1291 2238 P3,·
1317 2172 1484 2226 consenserit
1501 2173 1546 2228 sP.
1602 2173 1704 2240 aliquid
1721 2175 1790 2226 deest
1809 2176 1862 2232 Au,
1936 2190 2002 2226 con·

346 2268 432 2330 ponat
450 2261 558 2315 LXXX
577 2261 679 2316 solidos
697 2263 817 2330 Annis
833 2263 881 2318 Tr
900 2263 947 2327 (m.
963 2265 1034 2329 pra).
1089 2279 1150 2314 curn
1171 2261 1279 2314 LXXX
1298 2263 1337 2314 sol
1357 2262 1410 2329 Ep,
1429 2262 1459 2327 J,
1480 2263 1536 2317 Tr.
1592 2261 1685 2315 solidis
1703 2263 1742 2315 sel
1759 2263 1802 2315 sot
1821 2261 1929 2315 LXXX
1948 2263 1999 2330 Ap,

346 2351 403 2418 My,
424 2354 481 2414 Μι,
506 2351 648 2421 octoginta
665 2351 766 2404 solidos
784 2352 828 2414 W;
853 2349 962 2404 LXXX
980 2350 1073 2404 solidis
1090 2351 1164 2414 Aah
1191 2349 1299 2403 LXXX
1319 2350 1419 2404 solidos
1437 2352 1467 2407 J.
1542 2407 1550 2430 ι

454 2451 489 2500 In
514 2449 566 2516 Aa,
593 2450 644 2516 Ap,
669 2450 732 2517 ald,
759 2449 813 2516 Alc,
839 2449 872 2516 Β,
898 2449 947 2514 Bb,
966 2449 1017 2517 Ep,
1040 2450 1072 2513 G,
1093 2449 1151 2514 Gw,
1173 2448 1211 2515 H,
1233 2450 1299 2513 Her,
1319 2449 1376 2515 Jle,
1395 2449 1432 2516 K,
1451 2451 1484 2515 D,
1503 2449 1559 2516 My,
1579 2449 1627 2514 Mt,
1648 2449 1678 2514 P,
1697 2450 1741 2516 sP,
1764 2450 1789 2501 Τ
1797 2453 1821 2516 2,
1839 2451 1864 2500 V
1880 2453 2000 2516 sequitur

347 2555 406 2604 cap.
425 2538 478 2603 IX,
498 2542 514 2593 5
533 2539 615 2590 huius
633 2540 762 2593 editionis.
