4634 6420
641 505 761 562 trees
782 505 1091 564 ALAMANNORUM.
1117 537 1154 548 -
1176 505 1262 560 LEX.
1306 499 1457 560 INDICES
1479 500 1514 556 A.

248 687 276 739 Β.
705 692 731 743 a.
1149 692 1192 741 ro.
1597 685 1639 734 11.
1955 679 1998 728 ra.

126 781 173 834 81.
219 781 253 837 Si
292 784 358 854 quis
392 790 479 839 nocte
520 775 545 1128 p
673 791 716 843 75.
1118 789 1162 842 84.
1371 781 1388 1030 q
1460 780 1508 834 80.
1541 779 1587 832 De
1618 795 1663 846 eo,
1698 777 1748 849 qui
1777 775 1818 829 in·
1940 780 1984 832 83.

88 883 181 938 focum
205 885 238 940 in
261 887 381 941 domum
407 887 477 942 alte-
1417 880 1550 936 cendium
1595 899 1682 952 super
1732 879 1819 934 aliurn

88 987 145 1042 rius
167 988 294 1044 miserit.
1417 984 1572 1039 innocente
1595 983 1714 1038 miserit.

1382 1031 1399 1132 >

523 1129 536 1374 l
1377 1134 1390 1378 l

114 1397 163 1452 82.
193 1397 240 1452 Dc
263 1413 334 1451 caue
364 1395 478 1450 cursals
559 1401 602 1452 76.
624 1401 664 1451 Do
685 1415 778 1450 canem
798 1400 877 1450 sensi.
1155 1437 1162 1452 .
1459 1393 1508 1447 81.
1538 1394 1584 1447 De
1607 1391 1728 1446 canibus
1756 1408 1818 1446 seu-

76 1500 210 1556 involato.

117 1707 166 1762 83.
204 1706 250 1761 Dc
287 1705 422 1760 clausura
449 1704 479 1758 in

81 1827 151 1882 aqua
171 1809 259 1862 facto

118 2015 167 2070 84.
188 2015 233 2070 Dc
249 2014 389 2070 mulinum
405 2012 478 2066 clau.

82 2119 107 2174 iu
128 2135 212 2191 aqua.

119 2324 168 2379 85.
191 2323 223 2380 81
238 2319 388 2376 eontentio
404 2319 480 2374 inter

82 2425 263 2498 genealogias
286 2423 405 2479 fuerit&

119 2632 165 2686 86.
190 2630 220 2686 Si
240 2629 305 2701 quis
326 2627 478 2700 fugitivum

82 2733 236 2804 susceperit
270 2738 300 2787 et
331 2749 395 2786 curn
429 2731 478 2786 do-

81 2837 150 2892 mino
185 2854 237 2890 sno
269 2834 393 2889 reddere
426 2852 476 2889 no·

80 2940 170 2994 luerit.

117 3045 165 3097 81.
231 3043 277 3096 De
335 3040 480 3095 inlecitam

78 3147 308 3218 pignerationem
317 3135 341 3198 ¹³.

117 3452 166 3506 88.
212 3452 243 3506 Si
281 3452 344 3523 quis
382 3453 479 3524 quale·

78 3569 197 3625 cumque
221 3573 282 3608 rem
299 3555 417 3610 alterius
431 3597 437 3609 .
451 3597 458 3609 .
473 3597 479 3609 .

117 3761 167 3814 89.
202 3759 242 3814 Ut
275 3760 365 3814 frater
398 3759 479 3813 fratri

76 3863 239 3932 portionem
273 3869 340 3916 ante
364 3862 478 3917 divisio·

74 3983 139 4018 uem
162 3983 222 4019 non
247 3965 377 4036 dissipet.

118 4271 167 4325 90.
208 4272 253 4325 lle
288 4271 479 4326 iuramentum

76 4373 232 4428 homicidii.

118 4580 166 4633 91.
191 4581 236 4632 De
258 4595 332 4633 coxa
355 4580 477 4633 abscisa.

118 4785 167 4838 92.
195 4785 241 4838 Dc
262 4784 397 4838 aborsum
420 4803 478 4839 ruu-

78 4885 164 4941 lieris.

120 5092 167 5148 93.
210 5091 241 5146 Si
276 5091 339 5163 quis
379 5093 480 5146 mulier

79 5191 187 5248 habens
198 5193 334 5249 heredem
347 5200 479 5266 parturnc

80 5298 206 5353 meritur.

120 5502 170 5557 94.
200 5501 231 5555 81
254 5501 318 5573 quis
344 5502 481 5574 relinquit

79 5621 164 5674 pares
186 5604 215 5657 in
237 5622 337 5675 pugna
354 5611 382 5658 et
396 5605 479 5677 fugit.

1417 1495 1496 1550 sibus
1511 1496 1557 1550 vel
1573 1495 1637 1550 aliis
1653 1495 1754 1550 furatis
1771 1500 1821 1549 aut

1417 1597 1531 1653 occisis.

1460 1702 1508 1756 82.
1542 1702 1587 1756 Do
1616 1720 1661 1772 eo,
1691 1702 1739 1774 qui
1769 1702 1819 1757 ali·

1418 1823 1502 1876 quarn
1530 1806 1692 1862 clausuram
1720 1805 1821 1878 iniqua

1416 1908 1557 1963 fecerunt.

1458 2314 1507 2368 83.
1542 2315 1587 2371 Dc
1616 2316 1669 2384 his,
1705 2317 1754 2388 qui
1782 2318 1818 2372 de

1415 2423 1494 2472 terro
1517 2435 1569 2472 sun
1586 2418 1662 2474 inter
1677 2419 1734 2473 illis
1751 2438 1817 2476 con-

1416 2520 1546 2576 tendunt.

1459 2627 1508 2680 84.
1524 2626 1569 2680 De
1583 2642 1628 2694 co,
1645 2624 1693 2696 qui
1706 2644 1818 2682 serrum

1417 2728 1535 2784 alterius
1561 2729 1721 2800 fugientem
1744 2729 1817 2784 oeci-

1415 2832 1492 2904 perit
1508 2839 1537 2888 et
1551 2833 1684 2905 sequenti
1702 2833 1819 2888 domino

1416 2935 1631 2990 contradixerit.

1460 3039 1508 3094 85.
1525 3038 1570 3094 Dc
1583 3056 1627 3106 eo,
1645 3038 1694 3112 qui
1706 3056 1818 3094 servum

1415 3142 1445 3196 in
1475 3160 1589 3214 pugnus
1618 3143 1755 3214 suscepit,
1791 3150 1819 3199 et

1417 3246 1470 3300 sub
1508 3263 1539 3300 se
1576 3263 1675 3300 servus
1709 3246 1819 3320 aliquid

1417 3331 1572 3420 dampnum
1593 3349 1704 3404 fecerit.

1459 3453 1508 3507 86.
1531 3453 1576 3506 Dc
1592 3471 1637 3520 eo,
1661 3453 1709 3524 qui
1734 3453 1818 3508 alteri

1415 3571 1462 3610 res
1495 3572 1562 3609 suos
1596 3555 1673 3626 apud
1708 3574 1738 3610 sc
1775 3557 1816 3610 in-

1414 3663 1515 3711 ventas
1539 3658 1753 3714 contradixerit.

1459 3762 1508 3815 87.
1545 3760 1585 3815 Ut
1616 3761 1720 3816 fratrea
1750 3769 1818 3834 pout
1876 3809 1881 3818 .
1970 3807 1976 3821 .

1414 3870 1535 3918 mortem
1574 3870 1673 3936 patres
1718 3883 1816 3921 corum

1413 3965 1606 4022 hereditatem
1642 3987 1701 4024 non
1734 3970 1815 4024 ‹lissi-

1413 4077 1493 4141 pent,
1514 4078 1669 4144 autequam
1688 4073 1818 4128 dividant

1415 4191 1487 4228 cam.

1457 4279 1505 4332 88.
1528 4280 1573 4334 De
1591 4297 1635 4348 ee,
1661 4279 1709 4351 qui
1725 4281 1814 4335 horni-

1414 4399 1479 4436 ncrn
1504 4383 1644 4444 occiderit
1666 4389 1696 4437 et
1717 4391 1815 4456 negat.

1457 4579 1506 4632 89.
1560 4580 1605 4633 De
1655 4597 1726 4634 coxa
1770 4581 1815 4634 vel

1415 4679 1534 4760 brachio
1558 4680 1688 4736 alrselsis.

1457 4785 1505 4838 90.
1535 4786 1580 4838 De
1604 4803 1648 4852 co,
1680 4786 1728 4856 qui
1755 4804 1813 4840 rnu-

1413 4886 1478 4940 lieri
1511 4894 1672 4959 pregnante
1706 4890 1812 4944 aborti-

1413 5008 1479 5044 vum
1501 4989 1579 5045 fecit.

1457 5095 1505 5148 91.
1553 5095 1598 5149 De
1642 5094 1815 5163 hereditate,

1415 5215 1500 5269 quam
1512 5197 1615 5252 mulier
1626 5206 1693 5270 post
1704 5204 1817 5270 partum

1403 5294 1534 5356 'statim‘l
1559 5308 1671 5356 mortua
1694 5301 1816 5356 derelin-

1414 5403 1493 5474 quid.

1457 5509 1506 5562 92.
1551 5509 1605 5574 Qui
1647 5508 1676 5562 in
1720 5523 1818 5579 pugna

1413 5629 1512 5681 parem
1532 5629 1613 5666 suurn
1631 5609 1815 5682 derelinquit.

188 5862 216 5922 a)
236 5859 264 5910 Si
284 5867 389 5911 conten.
409 5864 455 5914 int.
475 5872 569 5930 genet.
588 5865 642 5915 lue.
662 5863 686 5914 8,
762 5863 792 5928 1))
811 5864 852 5915 De
871 5866 996 5918 iule..n
1015 5869 1103 5934 pigne.
1123 5875 1172 5918 rat.
1193 5869 1218 5919 8.
1294 5865 1321 5930 c)
1341 5875 1397 5932 par.
1417 5865 1442 5917 8.
1518 5868 1547 5926 (1)
1567 5875 1608 5920 eta
1631 5873 1671 5919 ll.

1768 5965 1807 6014 7*
