4634 6420
646 521 767 578 LEGES
790 520 1097 578 ALAMANNORUM.
1124 553 1159 562 -
1183 521 1268 575 LEX.
1311 519 1462 576 INDICES
1485 519 1519 574 A.

242 707 270 757 8.
701 707 726 757 9.

1145 705 1187 756 10.

1590 705 1632 754 ll.

96 802 147 856 20.
172 799 236 856 Ut*
260 820 309 856 res
327 803 473 858 ecclcsiae
563 802 608 858 19.
632 799 673 857 Ut
694 800 868 873 praesbyter
884 800 920 855 de
1003 810 1044 860 19.
1064 809 1100 860 Ut
1112 807 1267 875 praesbyter
1281 807 1313 856 de
1327 822 1368 856 res
1455 797 1503 852 20.
1533 795 1574 852 Ut
1601 798 1745 870 presbiter
1768 816 1814 852 roe

516 923 562 960 roe
592 903 735 961 ecclesiae
768 909 845 959 tcrru
874 904 920 959 vcl
963 903 1006 952 vel
1020 902 1154 966 mancipia
1168 900 1282 950 ecelesia
1295 898 1368 948 uuila
1411 900 1556 972 mancipia
1587 901 1708 956 ecclesie
1731 907 1812 972 pote·

516 1008 660 1080 mancipia
682 1007 793 1062 nullum
812 1007 921 1062 hebeat
963 995 1059 1046 habeat
1101 997 1260 1060 POtssSffltem
1305 991 1367 1041 ³¹5⁰·
1411 1007 1514 1058 statem
1561 1005 1706 1059 vendendi
1755 1023 1812 1060 uon

55 923 112 960 uou
134 903 308 960 vindentur.

516 1117 691 1186 potestatem
714 1111 870 1166 alienandi.

963 1087 1056 1138 uendi.

1410 1105 1528 1161 habeut.

98 1214 149 1266 21.
188 1211 222 1266 Si
257 1211 324 1284 quis
357 1229 474 1267 servum
559 1216 608 1270 20.
642 1216 688 1270 Dc
717 1213 771 1283 his,
806 1215 854 1286 qui
884 1214 919 1268 de
1000 1216 1043 1268 20.
1061 1215 1164 1278 Deliis,
1179 1215 1222 1282 qui
1237 1213 1366 1264 ecclesiae
1454 1210 1503 1263 21.
1523 1211 1568 1264 De
1584 1209 1638 1279 his,
1656 1211 1704 1281 qui
1721 1211 1811 1266 ecclc-

59 1314 473 1387 ecclcsiuefugitivumsusce·
517 1318 659 1373 ecciesiae
675 1336 789 1374 servum
805 1323 918 1372 eutan·
962 1325 1066 1360 servum
1086 1313 1132 1358 ⁸112
1145 1307 1269 1358 ancillam
1285 1308 1366 1357 susci·
1410 1312 1451 1366 sic
1475 1330 1588 1366 servum
1612 1319 1661 1367 eut
1679 1315 1812 1368 ancillam

59 1420 143 1491 perit.

100 1523 150 1576 22.
179 1521 223 1578 Ut
246 1521 323 1576 servi
347 1521 472 1578 ecclesie
558 1526 607 1581 21.
637 1527 683 1580 Dc
707 1525 796 1579 servis
827 1525 918 1580 eccle-

60 1625 170 1680 tributa
194 1643 249 1680 sua
273 1618 407 1680 reddutb.

517 1422 584 1476 cille
607 1421 736 1493 suscepit
757 1421 917 1494 fugitivum.

516 1629 585 1684 siue.

558 1835 606 1888 22.
630 1836 675 1889 De
698 1833 809 1888 colonis
826 1833 916 1888 ecclc·

58 1943 88 1988 ut
125 1935 209 2007 regis
248 1935 289 1987 ita
331 1933 471 1988 tributum
515 1938 648 1992 siasticis.

101 1831 150 1886 23.
184 1831 293 1886 Coloni
317 1830 470 1899 ecclesiae,

58 2038 184 2092 solvant.

99 2344 150 2398 ⁴24.
180 2343 213 2398 Si
236 2343 302 2415 quis
325 2344 354 2396 in
378 2349 470 2398 morte
554 2346 605 2400 23.
638 2346 684 2400 De
707 2345 810 2412 causis,
842 2361 916 2415 quus

58 2447 123 2500 duci
149 2447 324 2502 consiliatus
346 2447 444 2500 suerit.
514 2449 551 2502 ud
573 2449 646 2503 duce
669 2441 883 2520 pertinenturd.

99 2858 149 2910 25.
187 2855 218 2910 Si
254 2856 319 2927 quis
353 2861 470 2928 gentem
556 2858 605 2912 24.
627 2859 673 2913 De
691 2863 807 2930 gentem
824 2863 915 2912 extra·

61 2967 157 3013 extera
203 2959 281 3012 infra
322 2959 471 3030 provintia
513 2978 577 3016 neu.

63 3062 238 3117 invitaverit.

100 3270 149 3323 26.
175 3267 207 3322 Si
231 3268 296 3339 quis
319 3268 349 3320 iu
365 3266 469 3322 hostc⁰
555 3268 604 3322 25.
639 3269 684 3323 De
713 3267 768 3334 his,
803 3268 852 3339 qui
886 3268 914 3321 in

1 3429 2 3432 ,
62 3372 137 3426 litem
161 3370 351 3425 commiserit.
513 3371 639 3426 exercito
677 3370 756 3425 litem
795 3371 913 3426 comise-

1 3453 2 3464 γ
511 3475 577 3529 rint.

100 3577 149 3630 27.
182 3575 213 3630 Si
243 3576 309 3646 quis
336 3575 366 3628 iu
390 3592 467 3629 excr-
555 3579 604 3632 26.
633 3578 679 3632 De
708 3577 792 3632 furtis
814 3578 844 3632 iu
868 3595 913 3632 ex·

0 3711 1 3716 =
63 3679 144 3734 citum
169 3679 279 3734 furtum
303 3679 415 3733 fecerit.
513 3679 603 3735 crcito
626 3680 794 3735 commissis.

1 4066 7 4122 τ’
97 4091 147 4144 re.
185 4089 218 4142 si
248 4087 313 4159 qus
342 4085 468 4158 sigillum
555 4090 603 4142 er.
627 4089 813 4161 mugiuit-0
834 4089 914 4144 uuus

61 4199 105 4246 eut
128 4192 292 4246 iussionem
320 4190 402 4244 ducis
425 4191 469 4244 sui
511 4192 658 4247 neclectis.

60 4294 227 4350 neclexerit.

98 4400 150 4452 29.
182 4396 304 4469 Siquis
333 4395 364 4450 in
388 4402 467 4450 curto
554 4397 602 4451 28.
633 4395 751 4468 Siquis
780 4395 810 4450 in
833 4401 912 4451 curte

59 4502 122 4556 duci
146 4501 296 4555 homiuem
317 4499 466 4554 occiderit.
511 4501 577 4554 duci
599 4499 785 4555 homicidium
800 4499 912 4556 fecerit..

99 4911 148 4964 30.
189 4908 219 4963 Si
250 4908 316 4979 quis
350 4907 466 4961 missum
555 4912 604 4965 29.
628 4912 672 4965 De
696 4909 813 4964 missum
834 4910 913 4964 ducis

59 5014 138 5067 ducis
162 5011 317 5068 occiderit.
510 5013 646 5069 occisum.

552 5219 601 5273 30.
625 5220 670 5273 Dc
685 5218 769 5272 furtis
785 5219 814 5272 iu
831 5225 911 5272 curte

58 5323 131 5394 regis
182 5318 308 5376 alicuius
359 5317 466 5372 furtum
508 5320 586 5394 regis
608 5321 724 5376 fuctum.

98 5220 146 5273 31.
180 5217 212 5272 Si
236 5215 302 5288 quis
333 5214 363 5268 iu
387 5219 466 5268 curte

57 5423 165 5480 fecerit.

962 1404 1031 1469 perit
1049 1401 1196 1466 fugitivum.

999 1523 1042 1573 21.
1064 1522 1104 1572 De
1125 1523 1208 1571 servis
1228 1520 1365 1584 ecclcsiae,

962 1615 1033 1682 quod
1061 1615 1160 1666 tributu
1188 1613 1291 1664 solvere
1321 1612 1366 1662 dc-

961 1709 1033 1759 bent.

998 1839 1042 1888 22.
1074 1837 1115 1887 De
1148 1837 1249 1887 colonis
1279 1835 1363 1886 eccle·

961 1931 1083 1993 siasticis,
1103 1931 1125 1979 si
1146 1931 1299 1996 episcopum
1319 1933 1366 1979 uut

962 2023 996 2074 ed
1027 2022 1142 2072 iudicem
1171 2038 1247 2072 suum
1276 2023 1364 2073 venire

961 2116 1114 2183 dispexerit.

996 2346 1040 2396 23.
1057 2347 1098 2396 Dc
1109 2350 1204 2412 crusis,
1215 2349 1286 2415 quod
1296 2349 1362 2399 duce

959 2444 1108 2506 portcnuut.

1106 2858 1150 2910 24.

1101 5231 1144 5281 30.

1410 1415 1592 1486 susceperint
1612 1417 1758 1488 fugitivos.

1452 1519 1501 1574 22.
1557 1519 1687 1586 Qualiter
1737 1523 1812 1576 servi

1409 1622 1533 1678 ecclesie
1563 1623 1672 1678 tributu
1700 1624 1811 1680 solvere

1409 1724 1544 1780 debeant.

1452 1829 1500 1883 23.
1523 1830 1568 1884 De
1592 1830 1703 1885 colonis
1720 1831 1810 1886 eccle-

1408 1931 1540 2001 siasticis,
1555 1932 1579 1986 si
1591 1935 1628 1987 ad
1642 1933 1810 2012 episcopum

1408 2041 1458 2088 eut
1494 2036 1529 2090 ud
1567 2036 1691 2091 iudicem
1728 2057 1809 2094 suum

1406 2139 1504 2193 venire
1527 2139 1721 2212 dispexerunt.

1449 2343 1497 2398 24.
1525 2345 1569 2399 Dc
1593 2363 1637 2414 ee,
1661 2345 1710 2418 qui
1733 2365 1806 2401 mor·

1406 2453 1464 2502 tcm
1514 2447 1594 2502 ducis
1639 2450 1806 2505 consiliatus

1405 2550 1500 2605 fuerit.

1448 2857 1496 2911 25.
1530 2858 1575 2912 De
1604 2858 1728 2928 homine,
1759 2859 1807 2930 qui

1405 2966 1521 3030 gentem
1544 2966 1710 3016 cxtruueum
1732 2963 1808 3016 iufra

1404 3064 1583 3134 provinciam
1606 3065 1779 3120 invitaverit.

1448 3271 1497 3323 26.
1520 3271 1565 3324 Dc
1581 3269 1634 3338 his,
1659 3271 1707 3342 qui
1729 3289 1806 3324 excr-

1405 3372 1464 3426 citu
1486 3372 1566 3428 litem
1589 3374 1770 3428 commiserit.

1447 3579 1495 3632 27.
1529 3579 1574 3632 Dc
1607 3578 1661 3648 liis,
1696 3579 1743 3650 qui
1777 3580 1806 3633 in

1405 3681 1533 3735 cxcrcitu
1562 3681 1671 3752 aliquid
1700 3683 1805 3738 furtum

1403 3783 1515 3839 feccrit.

1447 4091 1495 4143 28.
1519 4091 1563 4144 De
1585 4109 1629 4160 co,
1654 4093 1701 4162 qui
1726 4093 1803 4164 sigi]-

1403 4191 1461 4246 lum
1478 4199 1527 4247 uut
1543 4196 1707 4249 mundatum
1724 4197 1804 4250 ducis

1403 4296 1572 4367 neglexerit.

1446 4401 1493 4453 29.
1528 4401 1572 4454 Dc
1607 4419 1658 4470 co,
1694 4403 1741 4474 qui
1775 4403 1804 4456 iu

1404 4507 1484 4556 curt-c
1529 4505 1608 4558 ducis
1659 4505 1803 4561 homiuem

1403 4605 1550 4662 occiderit.

1444 4915 1493 4968 30.
1510 4916 1611 4984 Dece,
1626 4916 1673 4987 qui
1686 4917 1802 4972 missum

1401 5015 1480 5070 ducis
1528 5018 1603 5072 infru
1652 5020 1803 5090 provincie

1400 5119 1548 5175 occiderit.

1442 5225 1491 5279 31.
1526 5226 1570 5280 Dc
1605 5245 1655 5295 co,
1690 5227 1737 5298 qui
1772 5227 1800 5281 in

1400 5335 1509 5384 curtum
1563 5330 1640 5402 rogis
1695 5331 1800 5385 furtum

1400 5432 1582 5487 commiserit.

161 5613 191 5676 a)
212 5609 287 5660 decet
307 5603 347 5658 8'.
422 5608 451 5670 b)
471 5608 583 5659 reddant
602 5603 640 5659 θ’.
717 5609 743 5676 e)
763 5616 821 5661 oste
841 5605 878 5660 8‘.
955 5599 985 5674 d')
1005 5614 1169 5677 pertinentur
1187 5609 1225 5662 9‘.
1301 5615 1326 5676 e)
1346 5615 1455 5679 singuiis
1476 5616 1500 5667 8.

1888 2350 1932 2402 24.
1959 2351 2000 2400 De
2021 2366 2081 2400 ccu-

1849 2445 1894 2507 sis‚
1909 2445 1952 2508 qui
1967 2444 2002 2493 ud
2015 2443 2081 2494 duce

1851 2537 1992 2602 pertinent.

1917 5240 1962 5289 31.
