4634 6420
627 491 752 552 Lusus
775 492 1092 554 ALAMANNORUM.
1113 525 1154 536 -
1176 494 1412 555 PRAEFATIO.
1832 493 1851 559 'l

186 680 299 738 textus
314 669 456 737 eiusdem
469 683 489 736 ¹.
533 673 736 738 Renovatam
750 675 857 760 ipitnr
874 697 941 740 esse
956 674 1070 760 Lepem
1086 677 1143 740 sub
1159 674 1337 760 Lantfrido
1353 677 1433 742 duce
1447 677 1523 744 Job.
1541 678 1662 743 Merkel
1678 682 1853 764 contendit,

181 784 346 860 paratam
360 797 434 841 uero
450 799 472 840 a
489 775 719 843 Cblotaclsaria
734 777 802 859 illo,
824 802 845 842 a
868 801 931 864 quo
948 779 1100 864 plerique
1121 779 1248 843 codices
1270 779 1383 843 datum
1405 804 1476 845 eam
1497 803 1565 846 esse
1580 783 1705 847 dicunt.
1746 781 1850 858 Quam

188 881 238 943 ad
259 902 324 944 rem
342 880 555 964 probandam
578 881 691 946 doctus
712 880 766 946 ille
789 881 843 944 uir
863 879 1067 966 differentias
1088 883 1175 946 inter
1196 889 1318 946 tentum
1341 886 1550 949 ‘renouatum'
1577 894 1606 948 et
1627 885 1851 971 principalem

187 1004 257 1046 non
285 1004 415 1066 paucas
436 985 590 1048 interesse
612 985 732 1048 docuit.
779 981 872 1059 Quae
900 994 1006 1050 tamen
1035 995 1093 1049 aut
1114 1008 1149 1049 re
1170 1008 1247 1049 uera
1270 1009 1337 1051 non
1360 989 1514 1068 esistunt,
1537 997 1595 1050 aut
1617 1011 1720 1054 nouae
1742 1011 1850 1054 recen·

151 1107 167 1148 s
188 1085 296 1149 sionis
322 1095 551 1172 arpnmentnm
568 1087 725 1172 praebere
749 1111 814 1152 non
834 1096 984 1172 possunt.
1028 1087 1131 1152 Multo
1154 1090 1238 1153 enim
1260 1091 1368 1155 maior
1384 1113 1471 1175 pars
1493 1087 1754 1176 differentiarum
1776 1093 1853 1157 inde

188 1198 264 1254 orta
279 1200 334 1273 est,
353 1191 440 1276 quod
453 1191 529 1256 Job.
545 1190 668 1256 Merkel
684 1192 822 1256 codicem
840 1192 869 1254 A
885 1191 905 1256 8
924 1213 1023 1275 saepe
1043 1201 1233 1276 corruptum
1251 1215 1318 1278 pro
1331 1192 1554 1277 fundamento
1570 1193 1666 1278 [epis
1683 1195 1854 1260 Hlotlraril

183 1294 299 1377 poenit
320 1303 350 1358 et
372 1296 493 1376 omnia,
517 1317 600 1380 quoae
621 1297 659 1358 in
680 1292 738 1358 illo
759 1294 886 1379 scripta
907 1303 1013 1378 erant,
1036 1315 1110 1358 uero
1133 1305 1161 1358 et
1178 1295 1368 1380 principali
1389 1298 1502 1377 teutni,
1525 1318 1632 1361 omnes
1648 1306 1754 1362 autem
1770 1298 1851 1364 olio-

187 1418 263 1460 rum
277 1399 579 1482 manuscriptorum
593 1399 743 1463 lectiones
766 1406 824 1462 aut
845 1407 1000 1462 renouato
1023 1400 1125 1462 textui
1146 1399 1260 1462 tribuit
1282 1408 1339 1462 aut
1351 1397 1451 1483 falsa
1467 1401 1676 1464 euistimanit.
1721 1399 1762 1465 Si
1783 1399 1853 1466 loco

188 1499 311 1564 codicis
334 1500 400 1564 As
424 1501 521 1581 alius,
544 1502 683 1588 enempli
704 1524 808 1566 causa
832 1502 917 1564 A12
935 1501 1085 1585 ponitur,
1106 1511 1212 1566 temtus
1228 1503 1323 1588 Lepis
1341 1501 1513 1568 Hlotlrarii
1534 1505 1666 1568 omnino
1680 1503 1757 1586 fere
1779 1527 1852 1569 cum

138 1623 167 1664 ιο
188 1610 277 1668 tenta
298 1603 396 1690 Lepis
418 1604 665 1692 Lantfridanae
687 1604 891 1670 concor·dat².

296 1726 348 1788 Eu
369 1729 491 1810 paucis
513 1751 586 1793 uero
608 1727 810 1807 lectionibus,
834 1725 950 1813 quibus
966 1749 986 1788 a
1003 1727 1112 1790 codice
1127 1727 1157 1790 A
1171 1726 1210 1790 12
1225 1725 1454 1811 Lantsridana
1470 1725 1587 1814 differt,
1609 1732 1740 1794 minime
1763 1728 1850 1794 colli·

187 1829 330 1912 pandum
349 1839 396 1894 est
411 1853 527 1896 nouam
544 1831 641 1916 lepis
662 1832 881 1896 redactionem
903 1851 969 1894 esse
982 1827 1124 1911 factam.
1168 1830 1265 1894 Aliae
1287 1831 1383 1912 enim,
1406 1839 1533 1896 tantum
1556 1833 1653 1916 abest,
1676 1843 1711 1897 ut
1733 1855 1851 1898 novam

186 1933 352 1996 lectionem
377 1935 557 2016 ostendant,
580 1943 615 1998 ut
638 1932 834 2019 oripinalem
845 1934 958 2018 potius
973 1941 1092 1996 tentum
1109 1930 1221 2018 efferre
1238 1933 1446 2015 uideantur³,
1469 1935 1556 2000 aliae
1571 1959 1658 2000 novo
1668 1947 1850 2022 praecepta

184 2036 353 2118 praebent,
377 2060 518 2122 quorum
538 2038 714 2122 principia
735 2039 804 2102 iam
819 2039 856 2100 in
878 2035 959 2120 Lepe
974 2036 1177 2118 eastabuut⁴,
1200 2035 1287 2100 aliae
1302 2036 1441 2122 deniqne
1456 2036 1502 2100 ad
1517 2041 1705 2123 scriptorem
1729 2041 1851 2104 codicis

142 2165 168 2204 ss
187 2137 379 2222 referendae
400 2151 508 2204 sunt⁵.
552 2139 804 2226 Reipiturbeu
818 2137 1371 2224 Lanp‘ridunaalepeHlotlorii
1393 2161 1458 2203 non
1479 2140 1637 2206 abhorret.
1678 2141 1788 2218 Quare
1811 2165 1851 2206 en

187 2243 295 2306 uariis
306 2242 458 2328 pralopis
473 2243 627 2308 concludi
641 2266 707 2307 non
726 2251 841 2326 potest,
863 2243 949 2306 duos
964 2241 1166 2305 reductiones
1181 2241 1278 2327 Lepis
1300 2243 1469 2323 sustitisse,
1491 2245 1549 2309 sed
1570 2245 1608 2309 id
1628 2245 1742 2330 solnm,
1765 2246 1851 2311 duas

190 2345 339 2410 diuersas
362 2349 558 2412 traditiones
581 2346 619 2411 de
638 2368 787 2430 persona
808 2346 1007 2432 legislatoris
1028 2345 1182 2431 culpatos
1203 2367 1279 2409 esse.

296 2469 350 2531 Eu
379 2471 496 2556 quibus
523 2492 607 2554 quae
634 2469 748 2533 melior
769 2469 820 2548 sit,
849 2465 943 2550 infra
972 2468 1168 2552 inquiretur.
1211 2464 1311 2530 Nunc
1339 2473 1391 2529 sat
1418 2476 1463 2530 est
1485 2468 1720 2534 demonstrasse
1750 2493 1850 2535 uuam

189 2580 317 2635 tantum
344 2574 564 2637 redactionem
594 2571 691 2658 Lepis
716 2573 976 2637 Alamannorum
1004 2569 1164 2635 traditam
1191 2591 1324 2654 eamque
1353 2592 1419 2634 uno
1449 2572 1618 2658 eodemque
1647 2583 1722 2637 actu
1752 2583 1850 2637 totam

141 2684 346 2760 soporatam
370 2699 446 2740 esse.

299 2797 489 2882 Quaeritur,
517 2821 580 2885 quo
606 2807 746 2882 tempore
769 2797 836 2860 Len
858 2797 939 2860 data
962 2798 1003 2860 sit
1010 2819 1023 2880 ;
1052 2819 1118 2883 pua
1141 2797 1180 2860 de
1204 2817 1239 2858 re
1261 2804 1325 2859 tres
1348 2803 1423 2858 snut
1445 2797 1629 2867 sententiae,
1674 2798 1745 2863 Alii
1766 2799 1851 2863 enim

189 2903 256 2966 viri
277 2903 365 2968 docti
384 2927 455 2968 eam
476 2927 497 2967 a
515 2901 743 2969 Oblatucltario
760 2900 804 2964 ΙΙ.
828 2923 901 2986 repe
923 2901 1010 2964 inter
1033 2922 1139 2964 annos
1162 2897 1233 2964 613.
1257 2907 1284 2962 et
1306 2897 1378 2964 628.
1401 2899 1524 2980 datam,
1548 2901 1610 2964 alii
1631 2899 1735 2966 altera
1754 2911 1851 2985 parte

187 3009 316 3094 septimi
330 3005 457 3071 saeculi
471 3005 668 3090 temporibus
686 3002 910 3070 Cblotaclarii
925 3003 987 3070 111.
1003 3005 1092 3090 repis
1108 3001 1311 3086 (657-673)
1327 3010 1441 3083 ortam,
1457 3003 1519 3067 alii
1534 3005 1681 3090 denique,
1699 3007 1849 3090 tempori·

188 3114 246 3177 bus
264 3111 436 3196 Lantsridi
451 3111 545 3174 ducis
561 3119 590 3172 et
607 3106 832 3176 Cblotacbarii
848 3106 904 3170 IV.
928 3109 1016 3192 repis
1038 3108 1135 3171 initia
1158 3107 1264 3171 octavi
1284 3106 1408 3170 saeculi
1424 3115 1582 3190 paratam
1597 3131 1667 3171 eam
1682 3130 1747 3170 esse
1764 3108 1850 3173 arbi·

142 3224 331 3288 situantur.
376 3213 431 3278 Ad
455 3213 721 3279 Oblatuclrarium
736 3209 780 3275 H.
804 3209 952 3295 raserunt
974 3210 1088 3297 Lepem
1110 3211 1177 3274 viri
1197 3209 1378 3274 doctissimi
1398 3209 1438 3272 Ε.
1454 3208 1493 3272 de
1508 3209 1652 3292 Rozilre,
1676 3208 1715 3274 G.
1738 3210 1850 3294 Waitz,

189 3319 229 3383 A.
245 3319 417 3398 Boretius;
440 3317 537 3380 alteri
554 3315 649 3400 parti
671 3316 798 3398 septimi
819 3311 944 3379 saeculi
965 3336 1086 3378 mecum
1109 3313 1357 3398 adscripserunt
1379 3311 1415 3376 P.
1437 3312 1472 3376 F.
1493 3310 1614 3394 Stdlin,
1637 3312 1676 3378 A.
1700 3311 1849 3396 Esmein,·

189 3422 230 3485 ab
253 3419 430 3505 Lantfrido
454 3419 580 3483 ducunt
602 3419 642 3483 A.
665 3440 727 3481 von
750 3416 900 3500 Daniele,
923 3416 962 3482 A.
987 3416 1022 3480 F.
1047 3414 1194 3502 Gfrb'rer,
1222 3417 1379 3502 inprimis
1402 3424 1507 3480 nutem
1531 3415 1572 3480 H.
1595 3416 1764 3498 Brunner,
1794 3419 1851 3482 cui

191 3523 258 3588 Len
281 3523 377 3608 infra
400 3544 507 3587 annos
529 3521 601 3588 717.
625 3531 652 3585 et
675 3519 746 3585 719.
770 3529 841 3584 orta
864 3542 930 3585 esse
953 3521 1091 3590 uidetur,

297 3645 445 3718 Quarum
467 3645 701 3708 sententiarum
723 3666 807 3729 quae
835 3645 878 3708 sit
904 3641 1137 3727 praeferenda,
1167 3663 1207 3706 eu
1228 3644 1306 3726 ipsa
1328 3649 1454 3706 tantum
1477 3641 1561 3728 Lepe
1583 3643 1694 3728 oedipi
1716 3652 1849 3728 oportet.

139 3767 169 3807 ιο
189 3750 276 3814 Nom
299 3749 473 3835 prolapus,
501 3750 559 3832 qui
583 3746 844 3814 Cblotoclarium
871 3747 1087 3833 lepislatorcm
1109 3746 1200 3827 dicit,
1229 3769 1428 3832 quamquam
1449 3745 1486 3809 in
1504 3747 1663 3830 plurimis
1684 3747 1850 3812 codicibus

189 3853 370 3933 inuenitur,
399 3852 472 3916 ideo
499 3860 607 3915 tamen
637 3860 757 3914 certum
788 3859 1016 3937 arpumentum
1046 3871 1112 3913 non
1135 3850 1288 3934 praebet,
1316 3851 1397 3935 quia
1424 3858 1489 3913 tres
1513 3848 1737 3914 Clslotaclrarii
1764 3851 1851 3915 inter

190 3978 295 4020 annos
317 3955 389 4020 600.
412 3965 441 4019 et
463 3953 533 4018 720.
564 3956 754 4018 sustiterunt
781 3976 892 4038 repes:
925 3951 1173 4018 Cblotaclsarn'us
1194 3949 1241 4016 ΙΙ.
1265 3951 1486 4046 sels-628),
1513 3951 1763 4018 Cblotaclrarius
1785 3954 1848 4016 ΙΙΙ.

190 4056 403 4142 (bot-623),
428 4057 679 4123 Clelotaclsarius
694 4057 716 4120 Ι
722 4056 752 4121 V.
776 4055 990 4138 (tlt-719).
1033 4056 1123 4120 Alter
1140 4065 1247 4122 autem
1257 4055 1417 4142 prolapus
1431 4053 1646 4141 Laatfridum
1668 4078 1850 4121 memorans

190 4163 331 4227 duorum
352 4170 479 4225 tontum
501 4161 648 4224 codicum
672 4161 867 4226 auctoritate
890 4161 983 4225 laud
1004 4162 1085 4225 satis
1097 4159 1254 4244 fulcitur.

141 4301 171 4342 ³⁶
297 4282 339 4347 Si
366 4305 440 4347 uero
469 4283 515 4346 ad
539 4283 632 4368 ipsas
653 4305 788 4347 normas
809 4283 907 4370 Lepis
938 4284 1084 4346 animum
1110 4282 1322 4365 intendimus,
1349 4304 1421 4346 eam
1445 4282 1543 4347 initio
1570 4280 1700 4365 septimi
1726 4278 1850 4345 saeculi

191 4395 297 4451 ortam
320 4407 385 4451 csse
406 4408 528 4472 aspare
550 4384 706 4450 debemus.
753 4384 845 4461 Quae
867 4386 951 4448 enim
974 4383 1129 4449 derebus
1151 4386 1387 4467 ecclesiasticis,
1417 4406 1501 4470 quae
1528 4385 1568 4449 de
1590 4385 1670 4448 duce
1692 4382 1849 4448 Alaman-

191 4513 309 4554 norum
331 4499 360 4553 et
382 4489 420 4553 de
441 4511 516 4573 repe
537 4489 753 4571 Francorum,
775 4511 858 4574 quae
880 4489 919 4552 de
941 4487 1123 4569 ‘beneflcio',
1151 4488 1189 4552 de
1211 4490 1347 4569 ‘vassis',
1370 4486 1538 4574 deforma
1560 4495 1729 4552 cartarum
1746 4511 1847 4573 prae-

189 4594 311 4674 scribit,
334 4615 405 4656 cum
419 4600 507 4656 statu
522 4614 631 4658 rerum
648 4592 956 4675 Alamannicarum,
978 4591 1086 4677 qualis
1102 4591 1198 4656 initio
1220 4593 1348 4677 septimi
1369 4589 1495 4656 saeculi
1505 4589 1618 4675 suissc
1633 4594 1849 4673 existimatur,

187 4719 311 4780 parum
333 4697 503 4761 conuenire
525 4696 687 4761 uidentur.

142 4833 172 4873 ⁴⁰
295 4816 475 4882 Ecclesiam
504 4820 590 4882 enim
619 4818 838 4883 christianam
864 4818 901 4880 in
929 4815 1136 4881 Alamannia
1163 4824 1303 4900 tempore
1324 4815 1421 4904 Lepis
1450 4816 1601 4883 conditae
1629 4818 1698 4884 iam
1724 4841 1849 4906 mapna

191 4923 383 4986 auctoritate
405 4923 559 5007 vipuisse,
581 4943 621 4986 eu
641 4920 753 4987 multis
774 4921 887 5002 titulis,
909 4919 1028 4984 scilicet
1050 4919 1089 4982 de
1111 4919 1312 4984 alienatione
1326 4930 1433 4984 terrae
1447 4918 1693 5004 ecclesiasticae,
1716 4922 1754 4986 de
1776 4924 1848 4987 iure
1912 4941 1913 4946 ’

187 5023 349 5110 perfupii,
371 5025 411 5089 de
433 5027 485 5089 die
507 5025 693 5106 Dominico,
716 5026 754 5089 de
776 5024 904 5108 nuptiis
925 5022 1071 5102 inlicitis,
1095 5023 1133 5087 de
1154 5025 1439 5108 compositionibus
1461 5025 1660 5105 clericorum,
1687 5026 1726 5089 de
1747 5025 1848 5090 seruis

190 5139 219 5192 et
246 5127 371 5194 libertis
402 5125 571 5211 ecclesiae,
607 5129 646 5193 de
674 5136 877 5192 sacramento
906 5149 1007 5210 snper
1036 5125 1140 5190 altare
1168 5127 1279 5192 iurato
1307 5128 1390 5192 sutis
1419 5135 1568 5212 apparet.
1612 5127 1713 5192 Initio
1742 5137 1846 5192 autem

190 5234 319 5318 septimi
340 5231 466 5297 saeculi
479 5232 580 5314 fidem
604 5232 819 5296 christianam
842 5233 879 5294 in
901 5230 1109 5294 Alamannia
1137 5254 1209 5294 cum
1237 5231 1465 5314 superstitione
1485 5253 1629 5317 popano
1651 5253 1848 5317 mapnopere

143 5508 172 5548 45
299 5483 328 5554 1)
356 5483 466 5538 Tertius
487 5500 593 5555 qaoque
620 5483 716 5549 codes,
742 5479 847 5534 scilicet
869 5479 938 5549 ss,
964 5480 1118 5536 oudonem
1144 5481 1239 5535 babet:
1269 5479 1418 5535 Lodhsnri
1447 5497 1496 5534 rex
1524 5480 1581 5534 dux
1603 5477 1847 5554 Alamannorum

192 5587 243 5654 cfr.
266 5585 346 5656 infra
368 5587 398 5640 in
418 5587 512 5642 indice
529 5585 654 5641 codicum
669 5583 705 5642 A.
771 5583 801 5655 2)
826 5583 887 5652 Osr.
904 5584 940 5641 G.
959 5583 1054 5652 Waltz,
1072 5584 1157 5640 ‘usu
1173 5585 1226 5654 pel.
1244 5583 1321 5641 Ann'
1339 5585 1418 5638 1850
1429 5602 1462 5655 p.
1480 5584 1539 5638 400
1554 5601 1629 5656 sqq.,·
1650 5587 1689 5642 H.
1706 5587 1845 5656 Bruuner,

194 5689 491 5762 ‘su.’p.1sosqq.;
513 5691 561 5744 (Ν.
583 5688 696 5743 Arclsiv'
720 5689 757 5758 X,
777 5705 808 5758 p.
825 5687 884 5741 482
900 5703 958 5758 sqq.
1045 5687 1075 5758 3)
1098 5687 1136 5744 H.
1152 5687 1285 5742 Brunner
1306 5687 1325 5743 l.
1348 5705 1371 5741 e.
1393 5707 1423 5758 p.
1443 5687 1500 5742 154
1515 5706 1576 5758 sq.,·
1599 5689 1647 5747 (Ν.
1670 5689 1783 5745 Arabiu'
1806 5691 1844 5760 X,

189 5792 306 5866 peso.
392 5793 484 5866 4)11.
508 5793 638 5848 Brusmer
659 5793 679 5849 l.
703 5810 727 5849 a.
748 5809 778 5862 p.
797 5790 874 5860 156;
896 5791 945 5845 (Ν.
971 5789 1084 5846 Arabiu’
1107 5791 1144 5859 X,
1163 5810 1195 5864 p.
1214 5790 1284 5850 480,
1373 5791 1402 5864 5)
1426 5791 1463 5848 H.
1488 5792 1619 5848 Bruuner
1639 5793 1658 5849 l.
1682 5813 1706 5853 c.
1725 5813 1757 5866 p.
1776 5795 1845 5852 155.
