4634 6420
642 513 762 570 LEGES
785 515 1093 572 ALAMANNORUM.
1121 547 1156 556 -
1180 514 1408 570 PRAEFATIO.
1826 505 1864 570 15

196 690 357 774 lectiones,
378 715 451 756 cum
467 716 556 756 nanc
572 693 761 776 deperditus
778 694 830 775 sit,
852 695 1030 778 recipimus
1045 717 1085 757 ea
1102 691 1239 757 Heroldi
1258 693 1341 758 libro
1364 693 1444 777 (qfr.
1460 692 1556 776 infra
1571 699 1599 776 ξ.
1616 693 1664 776 9),
1688 693 1743 756 abi
1758 693 1863 755 iudea

197 796 293 875 deest,
315 796 469 859 rubricae
491 805 598 859 autem
620 796 764 882 sinqulis
786 796 899 880 titulis,
922 820 1058 882 quoram
1081 818 1237 861 nsemerus
1259 805 1305 860 est
1328 795 1398 880 107,
1416 794 1591 880 praefixae
1614 805 1699 859 sunt.

303 916 334 981 A
356 917 521 982 codicibus
544 916 670 980 Β1-·7
694 918 746 982 bic
768 939 804 982 eo
828 917 945 1003 differt,
969 919 1056 1005 quod
1077 921 1124 985 tit.
1143 918 1191 982 VI.
1215 927 1320 982 leatus
1338 917 1369 981 Β
1383 926 1412 980 ct
1422 924 1556 1000 praeter
1571 913 1863 1001 oetaemforrnarn

195 1021 284 1085 tituli
305 1021 334 1086 V.
359 1021 460 1086 aliam
477 1042 594 1084 nouam
609 1021 742 1090 eabibet.
787 1022 960 1086 Praetereo
980 1023 1016 1086 in
1031 1020 1103 1104 fine
1120 1020 1298 1105 complures
1314 1022 1490 1085 sententias
1505 1021 1609 1104 babet,
1631 1041 1715 1105 quas
1725 1027 1864 1104 praeter

162 1142 270 1188 seam
293 1122 356 1190 soli
376 1125 502 1188 codices
524 1124 555 1188 A
580 1124 605 1188 l.
630 1125 660 1189 2.
682 1123 703 1187 3
726 1125 908 1188 ostendant.

302 1247 334 1310 B
351 1248 399 1313 16.
439 1245 546 1311 Codeta
561 1248 619 1333 qui
633 1247 757 1310 dicitur
773 1243 976 1326 Tilianus,
1000 1267 1088 1308 nano
1104 1237 1304 1332 deperditus,
1327 1268 1390 1332 quo
1407 1268 1486 1310 usus
1503 1254 1547 1310 est
1560 1245 1731 1312 Jobonnes
1747 1244 1863 1327 Vilius,

197 1373 238 1414 coo
267 1352 361 1414 cuius
389 1350 531 1414 editione
558 1348 717 1414 lectiones
739 1351 943 1433 sumpsimus.
996 1347 1061 1423 Qui
1090 1351 1190 1424 codem
1220 1360 1248 1414 et
1276 1351 1419 1415 indicem
1451 1359 1480 1414 et
1511 1349 1665 1414 rubricae
1697 1349 1734 1412 in
1764 1356 1863 1428 tactu,

198 1455 310 1518 titulos
334 1462 440 1516 autem
462 1454 503 1518 99
525 1453 677 1518 babuisse
699 1453 836 1517 videtur.

304 1577 333 1638 A
356 1576 521 1640 codicibus
544 1574 672 1638 Β1-7
696 1597 730 1640 co
753 1573 870 1661 differt,
898 1574 986 1662 qaod
1007 1574 1054 1639 tit.
1076 1574 1125 1640 VI.
1152 1583 1182 1639 et
1204 1596 1306 1640 novas
1328 1573 1496 1638 titulorum
1519 1573 1551 1638 V.
1574 1583 1604 1637 et
1626 1573 1712 1640 VIII.
1726 1573 1860 1658 formas

150 1699 178 1738 ιο
197 1681 267 1745 loco
290 1689 430 1744 veterum
452 1678 601 1744 continet.

304 1800 336 1864 B
359 1801 406 1865 17.
454 1799 561 1866 arser
591 1801 731 1885 capituli
760 1801 1053 1886 Eporediaasis
1082 1801 1131 1865 33.
1162 1822 1245 1869 saec.
1267 1800 1307 1884 X,
1336 1799 1376 1864 de
1407 1822 1469 1884 quo
1497 1798 1558 1884 cfr.
1589 1798 1653 1862 LL.
1681 1798 1745 1879 III,
1774 1820 1810 1883 Ρ.
1833 1799 1862 1862 6.

198 1913 227 1966 ot
254 1903 285 1984 V,
313 1926 347 1988 Ρ.
370 1903 451 1984 201,·
485 1902 627 1967 ‘Arabia’
657 1904 715 1987 XI,
739 1927 776 1989 Ρ.
799 1902 883 1986 549,
917 1903 993 1984 XII,
1017 1927 1055 1988 Ρ.
1077 1905 1160 1986 594,
1194 1904 1296 1987 Perta,
1319 1903 1411 1968 ‘Abla
1434 1903 1494 1967 dor
1514 1903 1604 1967 Berl.
1628 1901 1745 1969 Alcad.'
1772 1900 1863 1984 1857,

195 2030 229 2092 Ρ.
253 2006 304 2071 80.
327 2005 377 2070 85.
423 2006 531 2072 Codee
560 2016 588 2071 et
618 2007 760 2073 indicem
786 2016 814 2070 et
835 2007 986 2072 rubricas
1007 2011 1045 2072 in
1067 2017 1154 2072 teuta
1177 2007 1278 2072 babet.
1324 2007 1447 2071 Titulos
1469 2006 1565 2092 Leqis
1589 2005 1863 2086 Alamannorum,

198 2132 296 2195 quam
308 2109 374 2193 fol.
396 2109 553 2174 53-79.
577 2112 728 2195 continet,
751 2112 889 2196 ostendit
910 2111 960 2175 98.
1004 2111 1233 2176 Recensionem
1256 2107 1408 2174 Maricelli
1430 2111 1605 2194 sequimur.

151 2245 180 2285 ¹⁵
304 2232 335 2297 A
357 2232 521 2296 codicibus
537 2232 569 2296 B
586 2233 666 2297 l-I
689 2255 723 2299 eo
747 2230 864 2318 differt,
887 2233 974 2318 quod
995 2234 1042 2296 tit.
1065 2232 1112 2298 VI.
1136 2241 1240 2296 tratas
1256 2231 1297 2315 Β,
1320 2231 1457 2316 duplam
1473 2231 1622 2317 formam
1644 2231 1813 2295 titulorum
1831 2229 1863 2292 V.

199 2345 228 2400 et
251 2336 336 2400 VIII.
359 2344 388 2400 et
409 2337 445 2400 in
461 2334 531 2417 fine
555 2334 652 2421 Leqis
675 2336 934 2401 additamentam
957 2335 1122 2421 quoddam
1145 2337 1295 2400 continet.

304 2448 336 2511 Β
355 2449 401 2514 18.
448 2447 556 2514 Codea
577 2447 651 2514 bibl.
673 2473 756 2514 caes.
778 2447 1095 2514 Vindobonensis
1116 2448 1175 2512 601
1208 2447 1302 2532 (olim
1323 2449 1410 2512 iaris
1432 2448 1492 2514 cio.
1515 2446 1595 2528 288)
1617 2468 1701 2510 saec.
1726 2444 1801 2529 XII,
1824 2446 1863 2510 de

200 2575 262 2638 qao
277 2551 338 2636 cfr.
356 2551 419 2616 LL.
435 2552 501 2632 ΙΙΙ,
518 2575 556 2637 Ρ.
571 2551 601 2618 7.
648 2550 755 2618 Gracc
776 2561 806 2616 et
829 2554 968 2618 indicem
990 2561 1020 2615 et
1040 2552 1191 2617 rubricas
1205 2553 1242 2616 in
1258 2559 1345 2616 textu
1361 2549 1463 2619 babet.
1510 2548 1612 2615 Iitali
1625 2558 1862 2614 enumerantur

199 2659 235 2720 in
258 2657 369 2720 indice
391 2656 442 2739 99,
464 2658 502 2720 in
525 2665 614 2720 teuta
636 2656 687 2720 95.
734 2654 943 2722 Collationem
965 2655 1085 2722 Pertzii
1106 2655 1283 2742 coquimur.

150 2764 179 2802 ²⁰
304 2760 412 2827 Codca
433 2760 465 2822 Β
483 2761 521 2825 18
544 2783 566 2824 a
588 2758 752 2824 codicibus
774 2758 806 2822 B
823 2759 902 2822 1-7
922 2762 1067 2844 propria
1084 2759 1202 2844 foma
1224 2758 1312 2823 tituli
1325 2757 1378 2820 XI
1384 2757 1413 2822 V.
1430 2756 1548 2844 differt.
1585 2757 1861 2822 Praetereainter

198 2864 307 2930 titulos
328 2863 475 2927 XXXVI
498 2872 527 2926 ot
548 2861 714 2926 XXXVII.
738 2871 848 2946 caput,
871 2863 959 2948 qaod
979 2863 1116 2946 reliquie
1138 2862 1303 2926 codicibus
1325 2861 1421 2942 deest,
1441 2859 1585 2946 praebat.

302 2967 400 3032 Β19.
447 2966 555 3032 Codex
577 2965 870 3052 Laqdunensis
901 2964 984 3033 Voss.
1007 2966 1080 3035 Lat.
1107 2965 1175 3029 119.
1197 2964 1243 3047 4⁰,
1273 2963 1437 3044 saec.·IX,
1467 2965 1506 3028 dc
1537 2987 1598 3050 quo
1622 2963 1683 3049 cfr.
1707 2963 1772 3028 LL.
1796 2963 1860 3045 ΙΙΙ,

192 3092 230 3154 Ρ.
248 3071 276 3134 7.
302 3069 370 3136 184.
399 3070 466 3135 185.
512 3070 631 3152 Codes,
661 3070 720 3155 qui
736 3067 801 3152 fol.
824 3066 990 3134 93'-108.
1015 3069 1129 3156 Leqem
1152 3068 1415 3132 Alamannorum
1438 3069 1588 3150 continet,
1617 3077 1645 3130 et
1667 3067 1809 3131 indicem
1832 3077 1861 3131 et

198 3174 350 3238 rubricas
372 3175 409 3238 in
427 3182 515 3238 teuta
531 3173 633 3239 babet.
679 3171 781 3240 tttati
802 3159 1037 3238 enumerantur
1057 3175 1094 3237 iu
1116 3172 1227 3237 indice
1248 3170 1300 3252 99,
1321 3173 1358 3234 in
1382 3179 1469 3234 teatu
1491 3171 1541 3239 97,
1588 3170 1746 3252 Codicens,
1769 3193 1860 3256 quem

150 3293 179 3333 2⁵
200 3275 239 3340 G.
263 3277 305 3338 H.
327 3276 420 3341 Perta
442 3277 587 3359 contulit,
610 3299 698 3341 nunc
720 3276 812 3342 nobis
835 3278 1073 3359 transmissam,
1095 3276 1202 3341 denuo
1224 3276 1408 3361 recoqnooi.

304 3379 336 3441 Β
357 3379 408 3444 20.
454 3379 562 3446 Codem
593 3378 627 3445 S.
656 3379 781 3445 Pauli
809 3382 853 3444 in
883 3379 1110 3444 Karintbia
1140 3401 1222 3443 saec.
1245 3377 1302 3458 IX,
1333 3378 1371 3442 de
1401 3400 1463 3462 quo
1494 3376 1554 3462 cfr.
1585 3377 1650 3440 LL.
1673 3376 1738 3457 III,
1760 3401 1797 3461 Ρ.
1819 3377 1859 3460 7,·

200 3482 239 3546 A.
261 3482 430 3564 Boretius,
460 3482 534 3548 ‘Die
559 3482 788 3567 Capitularien
816 3487 860 3550 im
883 3483 1222 3568 Lanqobardcnreicb’
1249 3480 1378 3564 (1864),
1402 3502 1440 3563 Ρ.
1463 3479 1607 3562 29-32,·
1636 3479 1779 3544 ‘Arabio'
1802 3479 1859 3562 XI,

195 3609 231 3670 Ρ.
246 3585 318 3650 575.
362 3586 430 3652 Len
445 3586 709 3652 Alamannorum
721 3585 786 3674 fol.
802 3587 958 3651 93-116.
982 3589 1173 3650 continetur.
1219 3583 1360 3666 Codicis,
1383 3584 1440 3670 qui
1461 3592 1489 3647 et
1505 3584 1645 3648 indicem
1665 3594 1694 3647 et
1708 3583 1859 3648 rubricas

199 3692 236 3755 in
258 3699 346 3754 teuta
369 3690 473 3770 babet,
496 3688 667 3755 collatione
690 3713 711 3754 a
734 3687 773 3754 G.
796 3689 933 3754 Prisner
944 3690 1046 3773 facta
1068 3691 1201 3754 utimur.

151 3812 180 3850 su
306 3793 403 3857 Β21.
449 3793 557 3858 Codes¹
585 3793 806 3858 Vaticanus
829 3793 947 3861 Obrist.
970 3815 1036 3878 req.
1060 3792 1131 3857 857.
1155 3814 1237 3856 saec.
1261 3790 1317 3856 IX.
1339 3789 1388 3854 ael
1409 3790 1448 3869 X,
1474 3789 1513 3854 de
1535 3811 1599 3875 quo
1620 3789 1681 3874 cfr.
1705 3789 1770 3854 LL.
1794 3788 1859 3874 ΙΙΙ,

197 3921 232 3981 Ρ.
250 3897 278 3962 7.
301 3906 330 3960 ct
351 3897 491 3962 ‘Arabio'
514 3897 589 3978 XII,
608 3921 644 3982 Ρ.
661 3897 732 3961 310.
778 3895 896 3979 Codes,
918 3899 977 3980 qai
998 3896 1113 3982 Leqem
1136 3895 1397 3960 Alamannorum
1410 3893 1476 3979 fol.
1498 3893 1633 3958 41-72,
1657 3894 1808 3975 continet,
1831 3903 1859 3956 et

199 4001 338 4065 indicem
362 4008 391 4064 ct
411 4001 561 4066 rubricas
583 4004 619 4065 iu
641 4009 728 4066 teuta
750 4000 852 4064 babet.
899 3999 1131 4066 Collationibus
1154 4021 1175 4062 a
1197 3998 1289 4062 Frid.
1307 3997 1444 4062 Blubme
1465 4006 1493 4062 et
1516 3995 1555 4060 G.
1580 3997 1622 4060 H.
1645 3996 1737 4060 Perta
1749 3996 1858 4082 factis

202 4105 337 4168 utimur.

305 4206 401 4272 Β22.
447 4207 554 4273 Cadere
585 4206 805 4272 Vaticanus
830 4205 947 4272 Christ.
969 4229 1036 4292 req.
1060 4205 1118 4270 991
1151 4205 1244 4288 (olim
1267 4203 1338 4268 320.
1364 4205 1454 4268 1175.
1480 4202 1570 4268 1027.
1593 4201 1673 4283 723)
1701 4225 1783 4270 saec.
1804 4201 1861 4286 IX,
1919 4193 1921 4200 ’

154 4327 182 4366 oo
201 4311 240 4373 de
269 4332 333 4396 quo
361 4310 421 4395 cfr,
450 4309 514 4372 LL.
537 4309 607 4391 ΙΙΙ,
636 4333 668 4396 Ρ.
685 4310 714 4374 7.
744 4320 774 4374 et
799 4310 941 4374 ‘Arabio'
970 4309 1033 4389 XI,
1059 4333 1096 4395 Ρ.
1119 4309 1197 4389 584,
1226 4307 1307 4390 XII,
1333 4329 1368 4392 Ρ.
1393 4307 1463 4374 312.
1511 4304 1636 4385 Codex,
1666 4307 1723 4389 qai
1745 4305 1860 4391 chem

192 4413 258 4498 fol.
281 4414 416 4478 52-66.
440 4437 541 4501 usque
564 4415 608 4478 od
630 4415 677 4478 tit.
700 4412 822 4479 LVIII
846 4415 997 4496 continet,
1020 4422 1047 4477 et
1069 4413 1211 4476 indicem
1233 4419 1262 4474 et
1283 4411 1434 4475 rubricas
1458 4411 1492 4474 in
1508 4417 1596 4472 artu
1613 4408 1714 4473 babet.
1753 4406 1858 4474 Colla·

202 4519 320 4581 tionem
342 4517 492 4582 Maricelli
513 4519 688 4602 sequimur.

306 4619 404 4687 Β23,
450 4621 558 4687 Codex
586 4621 805 4686 Vaticanus
829 4619 946 4686 Obrist.
968 4643 1035 4706 req.
1059 4617 1141 4683 1050
1168 4617 1262 4700 (olim
1283 4615 1363 4696 379)
1391 4641 1474 4683 saec.
1498 4617 1535 4698 X,
1564 4617 1603 4680 de
1625 4636 1688 4700 quo
1711 4615 1771 4701 cfr.
1795 4615 1860 4680 LL.

202 4723 265 4803 III,
283 4746 319 4807 Ρ.
337 4724 366 4788 7.
390 4725 418 4788 8.
465 4723 583 4808 Oodeu,
611 4727 669 4810 qui
687 4724 751 4809 fol.
778 4723 952 4788 134-139.
984 4725 1030 4786 tit.
1054 4720 1269 4784 I-XXXIX.
1291 4720 1395 4806 chis
1419 4720 1681 4784 Alamannorum
1710 4721 1860 4802 continet,

154 4845 183 4883 so
202 4826 311 4891 indice
333 4837 431 4909 caret,
453 4829 510 4894 scd
530 4830 681 4893 rubricas
703 4831 740 4892 in
763 4837 850 4892 textu
873 4829 974 4892 babet.
1020 4825 1169 4889 Merkelii
1191 4824 1360 4888 collatione
1383 4825 1515 4886 utimur.

307 4930 405 4995 Β24.
450 4931 559 4998 Codex
589 4931 811 4997 Vaticanus
836 4930 952 4997 Obrist.
974 4953 1041 5015 req.
1069 4927 1147 4992 1128
1176 4927 1270 5010 (olim
1291 4926 1371 5006 377)
1399 4948 1482 4990 saec.
1506 4925 1543 4990 X.
1572 4935 1631 4990 aut
1652 4925 1708 5008 XI,
1736 4925 1860 5012 dequo

203 5032 262 5116 cfr.
286 5033 350 5098 LL.
373 5034 437 5118 III,
462 5057 497 5120 Ρ.
520 5036 549 5100 8.
602 5035 719 5118 Codex,
747 5036 805 5121 qui
824 5035 889 5116 fol.
912 5031 1088 5098 257-271.
1111 5031 1226 5116 Leqem
1254 5039 1398 5094 nostram
1429 5031 1578 5111 conduct,
1608 5039 1636 5093 et
1664 5029 1804 5095 iadicem
1833 5040 1861 5095 et

202 5136 355 5202 rubricas
375 5140 412 5202 in
434 5147 523 5203 tenta
545 5138 647 5203 babet.
693 5139 929 5204 Adnotatioaes
952 5137 991 5200 do
1013 5157 1047 5198 eo
1071 5159 1092 5200 a
1116 5132 1154 5200 G.
1179 5134 1220 5198 Η.
1243 5134 1335 5198 Pertz
1348 5133 1467 5217 factas
1489 5133 1686 5198 adbibernus.

309 5241 340 5304 Β
354 5239 404 5306 25.
444 5241 552 5307 Coelen
565 5241 826 5307 Parisiensis
843 5240 914 5304 Lat.
929 5241 1014 5305 4614
1029 5239 1124 5320 (olim
1142 5235 1223 5306 Colb.
1237 5236 1309 5316 777,
1324 5260 1392 5322 req.
1408 5235 1508 5316 4898)
1522 5238 1569 5317 4⁰,
1585 5236 1624 5301 de
1640 5259 1701 5322 quo
1718 5236 1778 5322 cfr.
1796 5237 1859 5302 LL.

157 5364 185 5402 ss
204 5343 267 5426 III,
292 5366 328 5428 Ρ.
350 5344 380 5409 8.
408 5354 436 5410 et
463 5345 607 5410 ‘Arabio'
634 5345 692 5426 XI,
718 5367 754 5430 Ρ.
776 5343 847 5410 585.
871 5343 944 5408 586.
987 5342 1073 5406 Pars
1095 5341 1210 5427 Leqem
1231 5339 1493 5405 Alamannorum
1520 5342 1689 5405 continens
1716 5361 1799 5405 saec.
1822 5341 1860 5405 X.

204 5451 329 5534 scripta
351 5459 406 5528 est,
428 5459 457 5513 et
478 5450 618 5514 indicem
640 5458 668 5512 et
688 5449 838 5513 rubricas
858 5451 896 5512 in
918 5455 1006 5511 matu
1024 5445 1169 5529 praebet.
1212 5444 1350 5509 Baluzii
1373 5454 1468 5509 notas
1491 5445 1665 5530 sequimur.

310 5552 341 5615 Β
360 5551 411 5618 26.
457 5551 564 5618 Codes
593 5551 861 5616 Parisiensis
884 5549 1003 5635 Suppl.
1025 5548 1098 5612 lot.
1115 5547 1164 5613 75.
1194 5571 1278 5613 saec.
1302 5548 1340 5629 X,
1371 5549 1409 5613 de
1433 5571 1493 5634 quo
1516 5546 1577 5632 cfr.
1600 5546 1664 5609 LL.
1688 5545 1752 5627 III,
1769 5567 1807 5630 Ρ.
1829 5547 1859 5610 8.

205 5665 233 5720 et
257 5655 399 5721 ‘Arabio'
428 5655 486 5735 XI,
513 5677 549 5740 Ρ.
571 5654 748 5720 589-595.
795 5654 903 5721 Codeu
933 5663 962 5718 et
988 5651 1129 5716 indicem
1158 5664 1187 5715 et
1216 5653 1366 5718 rubricas
1396 5655 1433 5716 in
1463 5660 1552 5716 teuta
1580 5651 1681 5714 babet.
1725 5649 1861 5714 Balazii

206 5769 301 5824 notas
323 5758 523 5824 adbibemas.
1933 5754 1937 5759 ’

156 5879 183 5922 oo
311 5862 408 5927 Β27.
454 5862 562 5930 Godeu
584 5860 881 5948 Sanqallensis
902 5859 974 5925 732.
998 5882 1080 5926 saec.
1104 5859 1161 5943 IX,
1190 5860 1229 5923 de
1259 5881 1322 5945 quo
1351 5858 1411 5942 cfr.
1433 5858 1499 5923 LL.
1522 5857 1585 5940 ΙΙΙ,
1605 5879 1641 5942 Ρ.
1664 5855 1693 5920 8.
1741 5854 1859 5936 Codes,
