4612 6414
825 493 944 552 umus
966 490 1273 550 ALAMANNORUM.
1303 523 1335 531 —
1359 489 1444 546 LEX.
1489 485 1643 546 INDICES
1666 487 1700 542 A.

356 681 409 733 Ed.
558 679 638 732 Oodrl.
661 683 684 732 l.
923 681 948 732 8.

355 1191 411 1242 LV.
467 1184 515 1238 53.
549 1183 593 1238 De
622 1183 694 1236 duas
717 1181 824 1235 sororis
918 1187 961 1239 bb.

424 1287 534 1358 absque
566 1285 662 1340 fratris
691 1285 823 1338 relectas.

342 1709 410 1760 LVI,
465 1694 514 1750 54.
537 1695 581 1748 Dc
604 1692 698 1746 libera
718 1691 826 1747 semina
919 1707 963 1757 55,

422 1797 503 1868 virge
526 1795 606 1850 vadit
628 1795 657 1849 in
680 1795 802 1850 itenere.

328 2116 411 2168 Lvn,
467 2104 515 2158 55.
538 2103 583 2157 Dc
599 2101 653 2170 his,
672 2101 720 2173 qui
738 2101 825 2156 alium
919 2113 962 2162 57,

422 2225 475 2278 per
497 2206 540 2260 ira
562 2205 746 2277 percusserit.

315 4067 413 4120 LVIII.
469 4058 517 4112 56.
541 4058 586 4113 De
605 4057 659 4128 his,
684 4058 732 4130 qui
754 4057 826 4113 libe-

426 4179 487 4215 rum
514 4161 543 4215 in
566 4161 613 4216 via
635 4179 736 4216 manus
762 4177 827 4233 ege·

427 4263 500 4319 ciret
521 4265 603 4320 verit,

341 4379 414 4430 ΗΧ,
470 4368 519 4422 57.
535 4368 580 4423 De
592 4368 646 4436 his,
660 4366 708 4438 qui
720 4367 829 4422 liberas

425 4469 503 4524 liber
532 4471 559 4524 in
582 4471 629 4526 ria
655 4472 690 4525 de
714 4470 828 4525 caballo

426 4573 511 4629 ieeta.

360 4888 416 4939 Lx.
471 4882 518 4936 58.
554 4879 583 4936 Si
610 4878 686 4933 liber
706 4878 830 4934 liberum

428 4983 570 5038 occiserit.

345 5093 416 5145 LXI.
471 5087 520 5142 59.
542 5086 588 5141 De
604 5103 649 5152 οο,
674 5083 722 5156 qui
744 5083 831 5138 alicui

429 5187 613 5244 ammessario
650 5187 829 5242 involavcrit.

1425 677 1450 726 l.

1283 771 1332 826 56.
1364 771 1408 826 De
1432 787 1476 838 eo,
1507 769 1554 840 qui
1576 787 1642 840 pro·
1740 770 1784 822 46.

1240 871 1306 926 ximi
1336 871 1380 926 sui
1410 872 1539 928 defuncti
1562 873 1646 927 uxori

1240 975 1302 1030 une
1331 975 1399 1028 filiis
1426 975 1520 1030 rouen
1546 951 1643 1030 lotan

1241 1078 1456 1134 contradixerit.

1284 1181 1332 1236 57.
1390 1183 1436 1238 De
1480 1181 1644 1238 hereditate

1242 1283 1362 1338 duarum
1393 1289 1553 1354 sorercml,
1588 1305 1643 1358 que

1242 1387 1353 1458 absque
1396 1388 1534 1444 fratribus
1577 1397 1645 1460 post

1242 1497 1363 1546 mortem
1406 1493 1498 1564 patria
1542 1491 1644 1548 relicte

1242 1597 1317 1649 sunt.

1285 1697 1333 1752 58.
1356 1697 1402 1754 De
1418 1717 1462 1768 eo,
1480 1699 1528 1772 qui
1545 1699 1645 1754 mulie·

1243 1817 1301 1854 reru
1326 1799 1353 1854 in
1371 1801 1475 1856 itincre
1492 1804 1644 1858 vadentem

1243 1901 1432 1958 denudaverit
1452 1913 1502 1960 aut
1524 1925 1587 1962 cunr
1612 1925 1647 1962 ea

1243 2004 1427 2062 mecharerit.

1285 2109 1334 2163 59.
1358 2111 1463 2180 Dece,
1488 2111 1536 2184 qui
1559 2111 1645 2168 allum

1242 2213 1420 2282 percusserit
1442 2221 1492 2269 aut
1513 2215 1645 2272 vulnera·

1242 2307 1346 2370 veriet.

1286 2419 1334 2474 60.
1357 2419 1402 2474 Ι)ο
1419 2435 1463 2488 οο,
1488 2421 1537 2492 qui
1561 2421 1645 2476 alteri

1242 2537 1340 2576 aurern
1364 2521 1531 2578 absciderit.

1285 2625 1334 2680 61.
1357 2625 1430 2698 (60).
1459 2628 1572 2696 Dece,
1597 2627 1645 2700 qui

1240 2726 1399 2799 palpebras
1415 2729 1534 2786 alterius
1550 2749 1644 2786 macu-

1242 2829 1376 2886 laverit0.

1286 2933 1335 2990 62.
1368 2935 1441 3008 (60).
1489 2936 1534 2992 Ι)ο
1575 2953 1646 2992 nare

1242 3043 1432 3109 transpuncta
1444 3045 1494 3094 aut
1504 3039 1644 3094 abscisra.

1287 3141 1335 3196 63.
1366 3143 1438 3214 (00).
1478 3143 1523 3198 De
1561 3143 1646 3198 labiis

1243 3244 1412 3299 maculatos.

1287 3347 1335 3402 64.
1359 3347 1433 3420 (60).
1468 3347 1513 3404 Ι)ο
1548 3347 1648 3420 lingua

1244 3449 1360 3504 abscisa
1381 3457 1410 3504 et
1424 3450 1595 3506 vulneribus
1618 3451 1647 3504 in

1242 3551 1318 3607 facie
1340 3551 1434 3608 lactis.

1287 3655 1336 3710 65.
1360 3655 1431 3728 (60).
1459 3656 1505 3712 Dc
1529 3674 1574 3726 eo,
1599 3656 1648 3728 qui

1246 3757 1333 3812 aliurn
1361 3764 1463 3814 contra
1492 3759 1558 3832 lege
1584 3767 1647 3814 tun·

1245 3861 1322 3915 derit
1343 3867 1373 3915 ct
1395 3861 1431 3916 de
1451 3861 1572 3918 dirersis
1587 3863 1647 3918 vnl-

1245 3963 1374 4018 neribus.

1289 4068 1337 4121 66.
1361 4067 1434 4140 (61).
1462 4069 1507 4124 De
1530 4086 1575 4138 eo,
1599 4069 1648 4140 qui

1246 4169 1331 4224 alteri
1394 4171 1469 4226 riam
1534 4179 1647 4228 contra·

1247 4265 1381 4326 dixerit‘l.

1289 4377 1337 4430 67.
1361 4376 1433 4448 (62).
1461 4377 1506 4432 Βο
1530 4395 1574 4446 eu,
1599 4377 1648 4448 qui

1246 4479 1367 4532 alterum
1390 4479 1426 4534 tle
1449 4479 1563 4534 caballo
1591 4480 1647 4534 iac·

1245 4582 1380 4638 taverlt‘.

1288 4879 1337 4933 68.
1374 4881 1419 4934 Ι)ο
1454 4878 1564 4948 libere,
1599 4878 1648 4950 qui

1245 4981 1368 5036 liberum
1391 4981 1531 5037 occiderit
1543 4975 1562 5036 f.

1289 5085 1337 5139 69.
1350 5086 1395 5140 De
1409 5102 1453 5153 οο,
1468 5085 1516 5156 qui
1529 5085 1647 5139 alterius

1246 5187 1447 5262 amissariumss
1469 5188 1616 5242 furaverit.

2035 667 2060 718 6.
2084 668 2109 718 7.

1917 765 1964 818 58.
1974 762 2047 834 (59).
2062 763 2109 816 Dc
2119 759 2197 813 dote
2208 757 2273 812 eius

1874 863 2010 919 mulieris.

1918 1171 1966 1224 59.
1990 1171 2062 1242 (60).
2097 1171 2146 1224 De
2174 1169 2278 1222 dualrn

1875 1273 2022 1328 sororibus
2051 1273 2116 1328 sinc
2146 1272 2247 1327 fratre
2276 1293 2278 1324 ι

1873 1385 1955 1448 putre
1977 1375 2097 1432 relictis.

1917 1683 1965 1738 60.
1989 1683 2061 1754 (61).
2096 1683 2144 1737 De
2180 1683 2278 1756 puelli

1874 1793 1903 1840 et
1924 1785 2094 1840 mulieribus
2123 1785 2153 1840 iu
2182 1787 2278 1842 itineri

1874 1889 2019 1944 detractis.

1917 2094 1966 2149 61.
1994 2095 2067 2166 (62).
2114 2096 2163 2150 De
2199 2095 2278 2149 variis

1874 2198 2053 2268 perculsuris
2104 2215 2162 2269 per·
2213 2199 2278 2252 iram

1874 2300 1967 2355 laetis.

1918 3153 1966 3206 62.
1993 3153 2066 3224 (68).
2111 3154 2158 3208 De
2196 3155 2278 3210 variir

1874 3254 1968 3326 plagis
2001 3263 2030 3308 el
2063 3255 2278 3312 abscisionibus

1875 3357 1999 3412 onuriurn
2084 3361 2278 3416 menrlrrnrun

1875 3461 1963 3515 totius
1987 3463 2127 3534 rumoris.

1919 4361 1967 4416 63.
1990 4363 2035 4416 De
2051 4377 2095 4428 eo,
2121 4362 2172 4432 qui
2196 4363 2278 4418 aliun

1876 4464 1912 4518 de
1949 4457 2082 4518 caballoi
2126 4464 2275 4522 iactareri

1876 4575 1905 4622 et
1928 4585 1991 4622 eum
2015 4566 2123 4622 tulerit.

1919 4875 1966 4928 64.
1990 4874 2034 4928 De
2058 4873 2233 4931 homicidio.

1918 5081 1966 5134 65.
1990 5080 2034 5134 De
2050 5078 2226 5134 admissario
2243 5081 2276 5136 iu

1875 5183 1981 5238 volate.

377 5471 405 5538 a)
431 5489 549 5524 sororum
569 5470 608 5524 4⁸.
714 5473 743 5538 b)
768 5475 974 5526 vulneraverunt
992 5469 1030 5529 4¹.
1136 5474 1164 5541 ο)
1182 5474 1253 5526 deest
1272 5473 1337 5525 baec
1356 5473 1463 5524 rubrica
1483 5492 1542 5525 erem
1561 5476 1577 5524 4
1597 5473 1763 5540 sequentibus
1783 5468 1821 5525 4‘.
1927 5473 1956 5536 0)
1978 5471 2019 5522 De
2040 5487 2071 5521 eo
2091 5471 2135 5537 qui
2155 5471 2278 5536 pathera

267 5565 375 5615 alterius
402 5567 574 5617 maculaverit
593 5563 631 5616 4⁴.
716 5566 744 5631 e)
769 5567 840 5618 deest
864 5566 973 5618 rubrica
999 5565 1038 5618 4⁸.
1122 5568 1144 5630 f)
1169 5567 1279 5619 rubrica
1305 5576 1327 5618 et
1352 5584 1478 5618 numerus
1504 5567 1599 5618 desunt
1626 5562 1665 5617 Ρ.
1744 5564 1776 5631 g)
1795 5567 1944 5616 emiserinm
1965 5565 1991 5616 l.
2064 5563 2094 5629 h)
2114 5565 2238 5618 eiusdem
2262 5567 2277 5617 7

266 5658 288 5723 i)
308 5658 410 5708 cavallo
430 5659 459 5708 in
478 5659 522 5710 ria
542 5659 564 5710 7.
