4546 6436
425 489 488 549 eos
1042 489 1123 548 nux
1146 475 1461 550 ssrwseloeuss.
1987 491 2028 562 n,
2047 490 2077 550 s.

423 680 514 744 enim
534 679 786 745 ordinationem
809 699 905 744 suem
927 699 1030 765 super
1055 675 1305 745 foenunonw
1328 683 1364 745 et
1383 675 1565 746 decenos¹¹
1587 665 1623 746 et
1642 681 1875 765 unusquisque
1898 680 2079 764 provident

423 805 502 852 suos
525 805 610 869 quos
633 787 733 871 regit,
757 789 798 850 ut
820 790 942 852 contre
964 786 1078 871 legem
1101 807 1171 852 non
1193 785 1358 852 ieciant⁸.

530 892 577 956 Et
599 893 629 957 si
651 891 776 976 eliquis
799 893 1092 978 praesumptiosus
1116 893 1182 958 hoc
1204 893 1337 971 iecerit,
1363 914 1384 958 e
1407 893 1533 958 comite
1556 892 1618 958 illo
1642 893 1688 958 sit
1710 893 1956 978 requirendum
1981 894 2079 958 cuius

423 1001 526 1065 homo
550 1000 616 1064 hoc
638 999 734 1065 iecit.
781 999 828 1063 Iit
857 1001 886 1064 si
914 999 975 1065 ille
1005 1000 1111 1066 cornis
1140 998 1332 1084 neglexerit
1359 1000 1533 1084 inquirere
1554 1000 1632 1084 quis
1662 1000 1728 1066 hoc
1750 999 1846 1075 fecit.
1877 999 1938 1065 ille
1962 1001 2080 1065 omniu

423 1108 466 1172 de
490 1106 560 1171 suis
583 1105 685 1171 rebus
709 1105 888 1181 restituet;
912 1109 1031 1172 temen
1053 1109 1190 1192 tempus
1213 1106 1412 1190 requirendi
1435 1106 1574 1174 hebeet.
1613 1105 1708 1171 Etsi
1727 1106 1808 1172 tuiis
1827 1106 1931 1171 horno
1955 1109 2079 1191 potens
2102 1131 2117 1170 e

423 1207 488 1278 hoc
511 1213 645 1292 fecerit,
677 1232 780 1296 quem
801 1211 862 1277 ille
886 1213 992 1278 cornis
1015 1214 1228 1297 destringere
1251 1233 1321 1278 non
1349 1199 1474 1298 potest,
1504 1217 1590 1279 tunc
1613 1213 1708 1279 dicet
1738 1213 1819 1278 duci
1850 1232 1912 1279 suo
1942 1217 1979 1278 et
2008 1213 2079 1276 dux

423 1309 523 1406 illurn
546 1309 735 1402 distringet
758 1320 948 1384 secundum
972 1319 1095 1404 legem}

531 1419 568 1490 Si
591 1425 680 1490 liber
702 1427 765 1504 est,
789 1425 852 1490 XL
876 1425 956 1492 sold.
980 1426 1027 1491 sit
1049 1425 1231 1512 culpabilis
1254 1430 1290 1492 et
1314 1427 1429 1492 omnis
1453 1427 1577 1492 similis
1600 1427 1773 1492 restituet.
1812 1426 1849 1491 Si
1873 1446 1990 1492 servus
2013 1427 2079 1491 hoc

423 1533 557 1611 fecerit,
590 1530 733 1616 cepiteli
763 1532 941 1598 subieceet
963 1531 1206 1611 sententiee*·;
1231 1533 1391 1599 dominus
1414 1553 1496 1599 vero
1519 1534 1593 1601 eius
1616 1533 1731 1599 omnie
1755 1533 1882 1598 similie
1905 1532 2079 1609 restituet,

530 1742 560 1820 *i
587 1751 714 1826 cepiteli
737 1751 900 1810 subiaceat
923 1744 1116 1826 sententiae}
1135 1769 1266 1810 menum
1289 1747 1424 1828 perdet⁴
1442 1751 1503 1812 Je.
2100 1770 2127 1808 ιο

532 2132 597 2200 Gap.
616 2133 647 2183 V.
678 2136 687 2199 Η
719 2133 737 2188 ἱ.
754 2132 779 2189 1.
804 2133 888 2204 onim]
906 2135 975 2186 decet
993 2133 1087 2202 Giton.
1169 2149 1247 2187 suem
1264 2134 1333 2188 deest
1350 2133 1404 2201 ΕΡ,
1424 2134 1455 2190 L.
1538 2127 1691 2186 centurioni
1709 2133 1743 2188 L.
1822 2137 1851 2186 et
1868 2131 2004 2186 deccenus
2023 2131 2081 2194 05,

422 2220 472 2276 sco
490 2220 611 2292 degenus
629 2223 662 2277 L.
753 2225 781 2276 et
799 2221 993 2292 unusquisque]
1012 2221 1197 2291 unusquisque
1217 2221 1280 2291 eta,
1299 2221 1356 2289 Jte,
1374 2223 1417 2288 Ε,
1441 2226 1472 2275 ut
1489 2220 1673 2290 unusquisque
1692 2221 1748 2289 Aa,
1766 2222 1801 2289 B,
1820 2222 1882 2289 Boe,
1903 2219 2080 2288 (9,11Ρ,111,

423 2311 481 2379 Pe,
502 2310 554 2374 ra.
627 2327 689 2366 suos
705 2310 851 2380 provideat
868 2310 931 2378 Ale,
949 2309 1005 2366 aaz.
1071 2309 1232 2380 preevideet
1250 2311 1299 2379 Gt,
1318 2310 1376 2378 ΜΡ,
1393 2310 1443 2378 Mt,
1463 2314 1520 2378 P6,
1541 2310 1609 2375 ΤῙ,
1633 2309 1770 2365 custodiet
1787 2309 1859 2366 sees.
1891 2313 1900 2377 fl
1933 2309 1949 2366 1.
1965 2309 1993 2366 9.
2017 2324 2080 2362 suos

423 2400 492 2454 deret
509 2399 567 2455 Pe.
638 2416 705 2468 ques
722 2399 795 2470 regit
811 2400 868 2465 eP,·
892 2397 1007 2470 corrigit
1024 2400 1068 2464 Ε,
1092 2415 1160 2468 quoe
1178 2397 1250 2470 regis
1268 2399 1323 2467 ΜΡ.
1397 2399 1437 2470 ut]
1456 2415 1491 2453 eu
1509 2399 1534 2452 L
1541 2417 1553 2464 ,·
1578 2403 1607 2452 et
1623 2399 1669 2454 eP.
1735 2396 1856 2468 nequid
1875 2402 1971 2454 contre
1989 2397 2080 2468 legem

423 2486 472 2541 fiet
490 2488 560 2543 sae.
633 2487 694 2559 lege
712 2489 756 2545 eP.
1297 2501 1300 2508 '
2100 2491 2127 2546 ro

531 2575 549 2631 l.
565 2576 590 2630 8.
615 2575 689 2645 quod
709 2575 732 2630 si
749 2577 820 2632 Siris.
912 2576 972 2645 quis
990 2577 1042 2631 Aa.
1117 2579 1358 2653 praesumptuosus
1376 2578 1429 2644 Ad,
1448 2577 1510 2644 Ala,
1529 2577 1563 2652 B,
1582 2577 1645 2645 Bor,
1664 2576 1713 2645 CL,
1730 2578 1798 2644 Her,
1816 2577 1854 2645 Κ,
1874 2575 1990 2644 Ρ1-4,
2008 2576 2079 2642 Se'ch,

426 2665 488 2730 itt;
505 2681 556 2734 pre
569 2669 578 2732 ss
592 2664 681 2718 ciosus
702 2666 769 2731 θα),
792 2665 996 2734 praeseptiosus
1014 2665 1054 2720 W.
1128 2663 1181 2718 hoc
1199 2664 1430 2733 praesumptiosus
1449 2665 1504 2721 Ja.
1578 2664 1675 2720 iecerit
1693 2664 1829 2719 -homo
1847 2665 1900 2719 hoc
1919 2665 2012 2720 desunt
2029 2663 2079 2720 m.

424 2757 492 2822 eput
509 2755 571 2821 ΕΡ,
596 2753 669 2822 epud
688 2754 737 2821 Β5,
757 2755 804 2821 Oh,
822 2752 859 2821 H,
878 2754 910 2821 L,
927 2753 984 2822 ΜΡ,
1003 2753 1061 2822 Ρ6,
1083 2753 1170 2819 Τ1,2
1190 2757 1238 2820 (m.
1253 2755 1373 2821 prima),
1392 2753 1431 2811 W.
1522 2753 1652 2808 commite
1671 2755 1734 2822 ΑΡ,
1758 2753 1887 2809 comitem
1907 2753 1955 2822 Bt,
1975 2753 2023 2822 05,
2041 2753 2080 2820 Η,

428 2843 475 2898 Τ1
496 2846 545 2908 (m.
563 2845 716 2911 recentior),
734 2846 753 2898 2
771 2847 819 2910 (m.
836 2844 963 2911 prima),
989 2842 1102 2896 comites
1122 2842 1161 2898 W,
1243 2841 1291 2895 illo
1309 2843 1379 2895 aem
1396 2843 1442 2910 eP,
1460 2841 1542 2908 see·
1565 2842 1645 2897 illum
1663 2843 1714 2909 Bb,
1734 2843 1769 2910 Η,
1791 2843 1838 2898 11
1858 2845 1907 2930 Q.
1926 2844 2080 2911 umor),

423 2936 440 2988 2
459 2935 508 2997 (m.
522 2934 642 2999 mma),
661 2932 705 2996 Ψ,
721 2930 775 2985 hoc
795 2931 842 2989 Gt.
893 2930 1103 3000 ¹requirendum
1121 2930 1157 2984 sit
1176 2931 1244 2996 Gra,
1262 2929 1457 3000 requirendum
1475 2935 1516 2985 eet
1534 2931 1612 2997 Her;
1629 2931 1665 2986 sit
1682 2930 1846 3002 requirendo
1866 2931 1908 2997 Ε,
1925 2930 2081 3000 requiretur
2098 2951 2129 2990 ee

423 3020 505 3086 8155,
523 3020 559 3073 eit
576 3019 746 3088 querendum
764 3020 828 3088 ΕΡ,
845 3019 879 3073 sit
898 3018 1073 3087 inqirendum
1093 3020 1140 3076 Gt.
1196 3019 1273 3073 cuius
1291 3019 1384 3088 homo]
1405 3020 1467 3089 quis
1484 3020 1525 3073 Bt
1532 3039 1544 3086 ,·
1562 3020 1703 3075 ouiusnem
1721 3019 1805 3074 horno
1823 3021 1895 3081 Sici,
1915 3024 1925 3088 [Ι
1947 3019 2007 3077 14
2026 3019 2080 3076 hoo

424 3107 521 3163 iecerit
538 3108 584 3176 eP,
603 3107 684 3173 sea;
702 3107 798 3174 iecerit
816 3107 869 3162 hoo
881 3109 945 3176 ΕΡ,
963 3107 1059 3162 fecerit
1071 3109 1144 3174 Ald,·
1161 3107 1228 3162 iecit
1239 3109 1297 3165 Jze.
1369 3107 1392 3162 si
1409 3108 1457 3164 ille
1475 3125 1568 3164 comes
1581 3141 1614 3149 -
1633 3109 1687 3164 hoc
1705 3109 1772 3164 fecit
1789 3109 1884 3163 wara
1902 3110 1954 3165 Aa.
2026 3108 2080 3163 hoc

424 3213 523 3250 comes,
534 3197 616 3262 625,
641 3213 732 3251 comes
749 3197 796 3251 ille
813 3199 876 3265 ΔΡ,
900 3197 947 3252 ille
965 3195 1051 3250 comis
1070 3198 1117 3265 Oi,
1136 3198 1170 3265 L,
1187 3198 1244 3265 ΜΡ,
1262 3198 1322 3266 Pl,
1333 3202 1361 3266 2,
1373 3201 1399 3265 3,
1411 3201 1438 3266 5,
1450 3200 1477 3267 6,
1494 3199 1541 3267 eP,
1556 3200 1612 3268 Tl,
1627 3200 1662 3264 V;
1682 3199 1729 3253 iile
1748 3197 1849 3253 corneti
1866 3199 1924 3267 Jte,
1943 3199 1993 3254 1³4
1999 3221 2009 3265 ,
2033 3197 2080 3252 ille

424 3283 511 3342 comis
528 3301 607 3338 cerr:
625 3301 716 3342 comes
734 3286 798 3352 ΑΒ,
815 3286 863 3341 ille
881 3303 973 3342 comeo
990 3292 1046 3343 aa.
1109 3287 1280 3356 necglexerit
1291 3288 1350 3354 Po,
1362 3288 1418 3353 eP,·
1435 3286 1571 3358 negleerit
1588 3287 1650 3346 Aa.
1712 3287 1849 3357 inquirere
1867 3319 1902 3328 -—
1920 3287 1968 3342 ille
1984 3287 2082 3340 deeuer

423 3374 494 3430 seca.
566 3374 706 3443 requirere
723 3375 768 3432 eP.
825 3375 873 3444 qui
890 3375 943 3429 hoc
962 3373 1058 3430 fecerit
1076 3376 1119 3428 tie
1137 3376 1224 3430 mae
1241 3377 1336 3444 incipit
1355 3383 1444 3430 urtice
1461 3377 1491 3432 J.
1558 3377 1606 3446 qui
1624 3377 1678 3445 ΕΡ,
1696 3378 1739 3443 Ε,
1757 3376 1834 3430 cuius
1851 3376 1935 3431 homo
1953 3375 2010 3444 ΜΡ,
2027 3374 2078 3432 m.
2098 3393 2126 3434 ee

422 3463 558 3520 heec'Mt.
649 3463 745 3518 iecerit
762 3464 826 3533 Ata,
844 3464 885 3517 10
904 3467 952 3531 (m.
971 3465 1191 3532 emeher,
1209 3466 1253 3529 Ε,
1270 3462 1380 3520 iecisset
1402 3466 1428 3518 T
1434 3469 1460 3522 2.
1551 3465 1645 3520 omnie
1661 3467 1731 3520 decet
1748 3466 1831 3531 see,·
1855 3466 1886 3519 tn
1903 3480 2008 3518 rasura
2026 3466 2078 3532 ΑΡ.

424 3553 441 3607 t.
458 3552 484 3608 5.
510 3551 545 3606 de
571 3567 620 3606 suo
647 3553 775 3606 restituet
802 3552 837 3608 ds
865 3552 920 3607 euis
947 3552 1029 3608 rebus
1047 3553 1103 3621 ΜΡ,
1122 3553 1181 3618 10,
1208 3552 1243 3606 de
1268 3554 1323 3608 suis
1341 3555 1467 3609 restituet
1485 3555 1549 3624 ΕΡ,
1575 3554 1610 3611 de
1629 3555 1711 3610 rebus
1728 3554 1783 3609 suis
1801 3553 1929 3609 restituet
1946 3554 2005 3620 Pe,
2027 3551 2079 3609 Tit.

423 3641 517 3694 omnis
534 3641 660 3696 restituet
678 3641 749 3698 seca.
838 3645 930 3696 temen
947 3643 1018 3696 deeet
1035 3643 1077 3707 Ε,
1104 3643 1132 3696 et
1155 3642 1226 3697 sea.
1329 3647 1357 3696 et
1374 3643 1407 3712 si]
1428 3646 1456 3697 ct
1474 3645 1526 3712 ΑΡ,
1544 3642 1613 3709 P6,·
1639 3643 1736 3713 quodsi
1754 3643 1825 3700 sce.
1916 3641 1978 3696 telis
1996 3641 2080 3696 horno

423 3734 519 3786 amer
535 3731 607 3787 Stet
688 3732 794 3800 potens]
817 3733 887 3786 deest
904 3732 996 3796 Εἰηά,
1021 3735 1084 3800 post
1101 3733 1143 3796 Ε,
1170 3735 1265 3801 poetee
1283 3733 1341 3788 Pe.
1425 3731 1478 3786 hoc
1495 3736 1593 3802 potens
1610 3732 1688 3798 Πον,
1705 3737 1802 3802 potens
1821 3731 1918 3801 eliquis
1935 3731 1988 3785 hoc
2007 3730 2079 3786 see.

423 3820 441 3876 t.
457 3819 486 3876 6..
509 3818 599 3874 iecere
623 3820 669 3877 eP.
777 3819 823 3874 ille
846 3821 916 3874 decet
938 3821 998 3888 P3,
1022 3821 1094 3876 Sici.
1197 3820 1282 3874 comis
1299 3822 1352 3889 ΑΡ,
1377 3821 1479 3889 End,
1503 3823 1537 3888 Ε,
1563 3822 1659 3890 Ρ1,3,
1673 3825 1698 3888 6,
1720 3823 1765 3889 eP,
1793 3821 1882 3890 m,-
1908 3835 2000 3874 comes
2021 3827 2078 3875 cett.
2097 3837 2127 3878 eo

423 3908 593 3978 destringere
611 3911 663 3977 ΑΡ,
682 3910 715 3976 Β,
740 3909 790 3978 m,
811 3909 870 3976 Pe,
882 3913 908 3976 3,
927 3909 972 3977 eP,
991 3909 1026 3974 V,-
1052 3908 1239 3978 coustnngere
1263 3910 1313 3977 Bt,
1339 3910 1419 3975 325,
1445 3909 1593 3981 distingere
1613 3912 1656 3974 Ε,
1682 3909 1847 3981 distringere
1870 3915 1925 3965 eat.
2023 3924 2079 3962 non

423 4001 514 4067 potest
530 3999 625 4052 &curet
642 3999 712 4063 Ρ6,
729 4015 786 4052 uon
803 3998 906 4066 poterit
924 4000 976 4066 ΕΡ.
1066 4003 1132 4052 tuno
1150 3999 1219 4050 deret
1237 3998 1308 4059 sea,
1399 3998 1474 4054 dicet
1490 4001 1560 4053 dem
1576 4000 1633 4064 eP,·
1656 3998 1730 4054 dicet
1747 3999 1780 4056 L.
1870 3997 1948 4053 ducis
1966 4013 2015 4052 suo
2032 3998 2078 4052 eP.

423 4089 451 4140 et
468 4086 526 4140 dux
544 4116 576 4126 —
596 4085 697 4157 legem]
716 4089 748 4140 ut
764 4086 915 4141 secundum
933 4086 1023 4156 legem
1042 4090 1201 4140 coercentur
1218 4086 1300 4151 seru
1318 4090 1346 4141 et
1363 4086 1430 4157 dux}
1449 4088 1506 4142 dux
1523 4089 1581 4144 Pe.
1613 4093 1623 4157 ΙΙ
1654 4088 1672 4144 1.
1689 4088 1715 4144 i.
1740 4087 1892 4158 destringet
1907 4089 1960 4155 ΔΡ,
1975 4087 2029 4154 ΕΡ,
2046 4087 2078 4152 Ε,

422 4176 482 4243 Ρ3,
500 4177 556 4240 εΡ,
580 4175 750 4246 constringet
767 4176 828 4242 Bt;
853 4176 970 4246 stringet
986 4177 1042 4231 Ali.
1116 4175 1179 4245 lege
1197 4176 1252 4240 eP,·
1276 4175 1367 4246 legem
1385 4193 1462 4231 suem
1480 4178 1549 4230 Her.

530 4263 547 4324 l.
563 4263 589 4320 8.
614 4262 683 4318 lirer
701 4265 756 4330 eP;
780 4264 938 4318 libertus
956 4265 1015 4322 Pe.
1105 4268 1158 4334 eoi,
1176 4263 1257 4334 solid,
1275 4264 1379 4336 cotidie]
1398 4263 1548 4320 solidorum
1566 4268 1630 4334 ela,
1650 4266 1708 4334 Ga,
1726 4265 1783 4334 Jtz,
1803 4267 1843 4323 W.
1933 4263 2077 4333 culpebilis
2096 4281 2126 4321 eo

423 4353 459 4407 sit
475 4354 536 4418 Bt,·
563 4351 706 4422 culpebilis
723 4352 861 4408 iudicetur
879 4354 923 4419 W,
948 4353 985 4406 sit
1003 4353 1144 4423 culpevilis
1161 4353 1218 4420 eP,·
1244 4352 1281 4408 sit
1298 4356 1347 4407 cut
1365 4357 1398 4411 L.
1506 4354 1605 4408 similie
1621 4356 1691 4408 deca
1708 4357 1772 4419 Λᾶ,
1798 4352 2076 4420 mitteremini.

423 4441 445 4495 si
464 4457 558 4496 senus
575 4472 611 4482 -
629 4439 757 4496 restituet
772 4442 868 4496 decem
884 4441 948 4496 ea.
978 4444 989 4512 u
1020 4442 1080 4498 19.
1105 4441 1159 4496 hoc
1177 4440 1284 4512 fecerit}
1303 4445 1397 4497 &eum
1414 4443 1496 4510 sees,
1514 4441 1611 4497 iecerit
1629 4442 1682 4498 hoc
1699 4441 1754 4500 aaz.
1828 4442 1944 4512 cepitele
1963 4441 2009 4494 Ale
2028 4443 2077 4508 (m.

418 4533 538 4599 prime),
555 4531 608 4598 ΕΡ,
627 4531 665 4598 Η,
683 4531 751 4600 Her,
769 4530 800 4599 J,
818 4532 850 4599 Ε,
871 4533 920 4588 Tl
946 4536 995 4598 (m.
1009 4534 1138 4599 prima);
1165 4531 1278 4601 capituli
1303 4531 1324 4604 (i
1342 4535 1372 4585 tn
1388 4535 1508 4599 rasura)
1528 4532 1595 4596 12,
1619 4531 1733 4602 cepituli
1750 4533 1800 4588 Mt.
1927 4530 2078 4585 sententiee

422 4619 563 4674 subieceet
580 4619 633 4687 Ad,
652 4620 686 4688 Β,
708 4619 774 4685 (ιίο,
800 4619 942 4674 subieceet
958 4618 1093 4674 sententie
1111 4621 1244 4689 P1,eP,·
1268 4621 1382 4676 crimine
1399 4621 1538 4675 subieocet
1555 4620 1605 4688 Β5,
1624 4621 1687 4688 Boe,
1707 4620 1754 4688 05,
1773 4621 1809 4689 H,
1827 4622 1861 4687 L,
1881 4621 1939 4687 Ρ6,
1960 4620 2007 4675 Τ1
2027 4622 2077 4686 (m.

418 4710 538 4776 prima),
556 4712 574 4766 2
592 4711 642 4776 (m.
656 4709 786 4776 prima);
804 4709 912 4763 crimini
929 4708 1070 4763 subieceet
1084 4709 1115 4778 J,
1133 4710 1180 4765 Tl
1200 4713 1251 4778 (m.
1268 4713 1420 4778 recentior),
1439 4711 1483 4775 Ψ,
1506 4709 1621 4764 crimine
1638 4708 1778 4764 subieceet
1796 4709 1932 4764 sententie
1946 4709 2002 4776 Ao,
2020 4707 2078 4773 10,
2096 4725 2126 4764 so

423 4797 452 4850 in
471 4796 523 4854 too
541 4795 657 4852 crimine
675 4795 814 4852 subieceet
832 4797 967 4852 sententie
981 4797 1049 4865 ΜΡ,
1067 4797 1182 4852 crimine
1200 4798 1341 4854 subieceet
1358 4799 1493 4854 sententie
1507 4799 1533 4851 T
1539 4801 1557 4854 2
1574 4801 1623 4866 (m.
1637 4801 1788 4867 remae).
1843 4798 1911 4870 eius]
1930 4797 2002 4852 illius
2020 4795 2076 4854 ea.

423 4887 516 4940 omnie
532 4888 602 4941 decet
619 4887 652 4956 L,
672 4889 729 4944 Pd.
802 4887 901 4942 similia
917 4889 987 4941 deret
1004 4889 1066 4944 Ad·

532 5172 561 5259 1)
593 5181 639 5253 Of.
663 5179 790 5242 Decreta
811 5181 1042 5242 Αθσὴήοίπιεηεία
1065 5181 1164 5253 (iufra
1185 5201 1232 5242 ar.
1249 5179 1302 5250 Π)
1326 5199 1350 5242 c.
1370 5184 1422 5254 11,
1444 5182 1520 5259 qaod
1541 5181 1628 5243 ctiam
1650 5182 1685 5243 de
1706 5182 1916 5244 cmwrioeitse
1938 5182 2074 5258 loquitar.

423 5278 454 5365 2)
480 5285 537 5363 Qui
560 5289 672 5360 fuerint
692 5289 841 5349 memus.
934 5278 965 5365 3)
995 5289 1041 5362 Os.
1066 5290 1152 5350 etiam
1174 5287 1212 5348 L.
1234 5289 1292 5349 Vis.
1316 5287 1377 5360 IX,
1395 5289 1426 5361 2,
1443 5289 1478 5363 5,·
1501 5290 1575 5349 Ber.
1598 5288 1704 5350 Levita
1725 5288 1834 5360 Ι,341
1860 5311 1903 5336 =
1926 5288 1974 5360 ΙΙ,
1991 5288 2075 5360 362,

421 5393 463 5453 Η.
487 5393 636 5465 Braneer,
661 5393 810 5456 ‘Berliaer
832 5395 905 5456 SR!
932 5396 1027 5468 1901,
1046 5415 1081 5472 Ρ.
1103 5396 1186 5471 947,
1216 5393 1338 5456 ‘Dee’
1363 5392 1413 5468 1¹,
1438 5414 1472 5471 Ρ.
1490 5395 1574 5470 553,
1603 5393 1640 5454 Α.
1663 5395 1800 5468 Heeeler,
1831 5394 1982 5457 ‘Diceae
2008 5395 2074 5455 Ver-
2093 5419 2123 5459 ss

420 5500 722 5577 tesserasqeecttctte'
740 5520 775 5577 Ρ.
795 5500 855 5572 41,
879 5507 979 5562 carim
1001 5503 1043 5562 K.
1060 5503 1163 5574 Rettet,
1186 5501 1255 5562 ‘Die
1272 5501 1424 5563 Ltankea'
1438 5521 1473 5578 Ρ.
1491 5500 1556 5562 462
1571 5519 1652 5579 ,ΡΜ
1677 5502 1730 5564 Ti.
1750 5521 1778 5563 v.
1797 5502 2073 5578 Inuera-Stemma

421 5604 572 5667 ‘Deatscte
592 5603 964 5683 Wirttsctaflsqesctictte'
987 5606 1037 5681 1²,
1063 5630 1097 5685 Ρ.
1121 5609 1197 5680 448,
1224 5629 1252 5669 e.
1278 5609 1308 5669 2.
1411 5600 1443 5686 4)
1472 5609 1611 5670 Fortasse
1637 5627 1675 5670 ec
1703 5611 1762 5687 lege
1789 5615 1919 5685 sequente
1949 5608 2012 5680 (II,
2036 5608 2074 5680 6,·

420 5713 503 5785 infra
520 5733 554 5788 Ρ.
575 5714 650 5785 300,
674 5715 694 5774 t.
717 5716 751 5783 1)
770 5733 828 5790 per
849 5732 978 5776 errorem
1000 5721 1234 5792 tenemium.
