4612 6414
337 657 389 709 Ed.
536 659 617 710 Oorld.
641 661 663 711 l.

289 759 388 812 XXIII.
443 754 492 808 30.
523 755 568 808 Do
590 753 645 823 his,
676 754 725 825 qui
755 773 801 808 res

401 856 476 926 duri,
500 858 578 929 quod
601 858 637 912 ud
656 875 720 912 eum
736 875 800 929 per·

399 959 481 1014 tinet.

810 475 928 530 LEGIIS
952 471 1259 532 ALAMANNORUM.
1287 505 1322 516 -—
1346 473 1431 528 LEX.
1475 473 1626 530 INDICES
1648 475 1683 530 A.

899 660 924 710 2.

895 761 938 812 31.

277 1065 387 1116 XXXII.
442 1065 491 1118 31.
525 1064 569 1118 Do
600 1063 722 1130 lerninis,
753 1063 801 1136 qui
896 1067 901 1082 ¹

399 1167 427 1220 in
451 1165 617 1222 monisterio
642 1166 707 1221 duei
726 1173 800 1222 sunt.

263 1483 387 1534 XXXIII,
442 1473 491 1528 32.
526 1474 570 1528 De
601 1473 654 1540 Itis,
690 1473 739 1546 qni
773 1474 802 1527 in

400 1582 479 1630 ourto
503 1576 568 1630 (luel
594 1594 692 1650 pugne
715 1577 800 1632 eomi-

400 1679 479 1734 sorit.

266 1786 386 1838 XXXIV.
442 1783 490 1837 33.
514 1784 558 1838 De
577 1783 630 1852 his,
654 1783 702 1855 qui
717 1802 799 1856 pruo-

400 1885 553 1957 sumpserit
581 1887 656 1940 infrn
677 1905 799 1958 proven-

400 1990 445 2044 cia
467 1989 599 2044 ostiliter.

280 2195 388 2245 XXXV.
442 2196 491 2251 34.
514 2198 559 2251 De
583 2215 617 2251 eo
642 2195 724 2262 duee,
752 2196 800 2266 qni

399 2299 488 2354 filiurn
528 2299 618 2354 habet
654 2305 799 2354 conturna·

400 2421 470 2458 eom.

263 2509 387 2561 xxxvl.
443 2507 491 2562 35.
523 2508 568 2562 De
591 2511 734 2561 conventu
757 2523 799 2560 se·

400 2611 523 2664 eundum
600 2608 800 2664 consuitudino

401 2713 527 2784 antiqua.

253 3129 388 3180 XXXVII.
442 3121 490 3174 36.
504 3122 548 3175 De
564 3120 717 3192 mnneipiu,
731 3120 801 3174 toris

399 3224 556 3294 provencia
587 3241 671 3278 nomo
702 3223 799 3277 rindo-

399 3333 454 3381 tur.

239 3435 388 3486 XXXVIII.
443 3431 491 3484 37.
504 3431 549 3484 Do
562 3429 627 3483 diue
637 3431 800 3499 Durninieo‚

401 3541 431 3587 ut
460 3553 543 3588 uerno
579 3552 667 3605 opere
698 3533 801 3588 servile

399 3636 496 3690 fneint.

266 4055 389 4106 XXXIX.
444 4045 492 4099 38.
531 4045 575 4098 De
608 4045 726 4115 nupsins
760 4045 801 4098 in-

401 4147 504 4202 lie-itus.

399 4454 574 4508 fratritrirlils.

318 4777 388 4826 xm,
442 4762 491 4816 40.
507 4764 551 4816 Do
561 4779 656 4828 eausa,
668 4767 697 4815 ut
706 4763 801 4815 nullus

401 4865 501 4920 audire
523 4871 697 4936 praesumat.

304 5082 388 5133 XLII.
443 5070 492 5123 41.
526 5071 571 5124 Do
602 5069 801 5141 interpellatus

401 5179 467 5228 unte
490 5172 623 5227 inelieorn.

1087 659 1112 710 3.

1083 761 1125 812 31.

932 3476 937 3488 .
1029 3445 1072 3496 37.
1084 3445 1124 3495 Do
1136 3445 1178 3494 die

1028 3537 1179 3589 Dominico.

841 4061 883 4110 39.
898 4061 939 4109 Do
950 4061 988 4108 in·
1048 4059 1090 4108 38.
1121 4059 1161 4106 De

875 4154 954 4203 lieitis
1028 4151 1177 4215 nuptiisin-

859 4246 967 4311 nuptiis.
1059 4243 1147 4293 lieitir.

332 4359 389 4412 XL.
443 4352 491 4404 39.
515 4353 559 4406 De
575 4353 745 4422 patricidiis,
767 4355 802 4408 do
840 4365 989 4429 40.Dspn-
1029 4363 1178 4427 tenena-

854 4457 974 4520 trioidiis,
1029 4454 1179 4504 trieirlisvol

857 4549 968 4599 frutrioi-
1028 4546 1178 4598 fratricidis.

884 4641 942 4691 diis.

894 4770 938 4817 41·

896 5078 940 5128 42.

1047 4771 1090 4820 40.
1120 4771 1160 4819 De

1057 4864 1151 4913 censis.

1084 5078 1127 5128 41.

1400 657 1415 706 4

1216 873 1262 910 ros
1286 855 1367 909 (Inois
1389 855 1538 910 iuraverit.

1259 1059 1308 1114 33.
1332 1059 1405 1130 (32].
1429 1061 1473 1116 De
1495 1061 1620 1127 seminis,

1217 1181 1272 1232 qne
1295 1161 1324 1216 in
1348 1163 1507 1218 ministerio
1539 1165 1619 1218 (lueis

1217 1271 1291 1319 sunt.

1259 1471 1352 1543 (33¹).
1382 1473 1427 1526 De
1451 1491 1495 1540 eo,
1520 1473 1568 1546 qni
1590 1474 1619 1528 in

1217 1579 1298 1628 curte
1310 1574 1390 1628 duris
1403 1593 1529 1648 pugnarn
1543 1595 1617 1632 cnm-

1218 1675 1336 1731 miserit.

1260 1779 1309 1834 34.
1339 1781 1384 1834 De
1407 1798 1452 1848 eu,
1484 1783 1532 1854 qui
1555 1801 1617 1856 pre-

1217 1883 1372 1954 sumpserit
1400 1883 1475 1939 infre
1504 1887 1618 1957 provin-

1218 1985 1290 2040 eiam
1313 2003 1359 2041 res
1379 1987 1460 2042 duris
1476 1987 1620 2044 hostiliter

1217 2088 1363 2144 invadere.

1259 2191 1307 2248 35.
1324 2193 1369 2248 De
1385 2191 1445 2248 lilio
1462 2194 1552 2262 (lueis,
1570 2195 1619 2266 qui

1216 2302 1318 2350 eontra
1333 2304 1445 2368 petrem
1461 2317 1543 2353 suurn
1559 2317 1618 2354 sur-

1215 2391 1353 2455 rexeritb.

1259 2503 1307 2558 36.
1337 2504 1381 2558 Do
1405 2511 1558 2574 conventu,
1588 2511 1620 2560 ut

1216 2607 1373 2660 scrennrlum
1391 2608 1537 2679 antiquum
1551 2627 1618 2662 eon·

1217 2709 1397 2765 suetudinem
1420 2709 1499 2766 fint‘.

1260 3119 1308 3172 37.
1332 3119 1376 3172 Do
1398 3118 1558 3189 munripiis,
1582 3138 1618 3173 nn

1216 3213 1309 3275 forisd
1357 3222 1508 3292 provino-in
1551 3241 1617 3276 von-

1217 3325 1329 3378 duntur.

1260 3427 1308 3480 38.
1342 3428 1387 3482 De
1418 3445 1461 3496 tre»,
1495 3427 1544 3499 qni
1573 3429 1619 3482 uio

1218 3529 1369 3584 lierninieo
1394 3549 1483 3601 opera
1504 3532 1620 3587 servilia

1216 3632 1294 3686 feurit.

1260 4041 1308 4094 39.
1340 4044 1383 4096 Ite
1409 4021 1526 4094 inlieitis
1549 4060 1618 4114 nup-

1218 4142 1274 4197 tiis.

1261 4349 1308 4404 40.
1341 4352 1384 4404 Ile
1408 4349 1568 4420 pntrieirliis
1591 4356 1620 4404 et

1217 4451 1392 4506 l'rntrIoitIiis.

1260 4756 1308 4810 41.
1332 4755 1372 4810 Ut
1392 4755 1487 4809 nullus
1504 4775 1618 4811 onnmnn

1217 4861 1296 4914 adire
1312 4865 1468 4931 presumat,
1492 4859 1545 4912 nisi
1570 4861 1618 4930 qui

1217 4982 1234 5016 u
1252 4964 1324 5017 duee
1348 4963 1520 5018 constitutus
1544 4969 1595 5016 ont.

1260 5067 1308 5120 42.
1340 5067 1385 5120 De
1409 5085 1453 5134 oo,
1478 5065 1526 5136 qui
1549 5085 1618 5137 sepo

1218 5168 1419 5241 interpellatus
1463 5174 1508 5222 ost
1551 5175 1617 5225 unte

1219 5273 1320 5326 duoom
1351 5273 1386 5326 ‹Io
1416 5271 1618 5343 qualicumque

1219 5375 1344 5430 evidenti
1375 5393 1463 5429 eausa
1492 5380 1522 5428 ot
1551 5393 1617 5430 eon·

1217 5477 1309 5532 vietus
1325 5478 1422 5547 suerit,
1438 5495 1475 5531 no
1492 5479 1528 5531 nd
1544 5477 1618 5532 iuru-

1218 5587 1344 5635 mentnm
1366 5580 1559 5651 promittatur.

1420 697 1425 708 .
1719 658 1744 710 δ.

1259 753 1307 806 32.
1332 751 1405 822 (31).
1434 753 1478 806 De
1502 769 1546 820 en,
1571 753 1619 824 qui
1712 760 1756 812 82.

2015 659 2042 709 6.
2065 659 2095 710 I.

1889 753 1939 808 32.
1962 754 2009 810 De
2027 751 2123 808 furtis
2146 753 2258 809 duribus

1846 855 1939 911 luetis.

1891 1063 1938 1117 33.
1955 1063 2000 1118 De
2014 1061 2061 1116 Iris
2080 1062 2255 1120 hominibus.

1850 1165 1924 1220 undo
1947 1165 2025 1220 muln
2046 1167 2181 1237 srrspitio
2198 1169 2255 1220 furti

1848 1275 1900 1332 ost,
1923 1275 1955 1323 ut
1976 1267 2066 1323 nullis
2094 1269 2141 1324 eis
2164 1279 2256 1324 contu

1848 1371 1940 1442 Iegem
1963 1371 2085 1426 faciut&

1891 1475 1939 1530 34.
1976 1475 2022 1530 Do
2058 1493 2108 1544 eo,
2151 1477 2202 1548 qui
2233 1478 2255 1530 in
2291 1505 2293 1508 ·

1848 1585 1927 1632 eurto
1941 1576 2022 1632 ducis
2034 1597 2174 1652 pugnam
2189 1599 2254 1635 eon·

1848 1680 1965 1736 miserit.

1889 1785 1939 1840 35.
1972 1787 2018 1840 De
2050 1803 2100 1846 eo.
2136 1787 2186 1858 qui
2216 1805 2253 1840 ηε

1848 1887 1928 1942 rlneis
1945 1887 2095 1944 hostiliter
2109 1890 2251 1944 invaserit
2289 1925 2302 1974 b

1890 2197 1938 2251 36.
1963 2197 2006 2252 Do
2026 2195 2109 2266 filiis,
2137 2199 2187 2270 qui
2209 2217 2250 2270 pl·

1847 2299 1977 2354 rentibus
1993 2297 2054 2352 suis
2066 2309 2250 2356 contumaees

1847 2402 2002 2458 extiterint.

1888 2507 1937 2560 37.
1959 2505 2004 2560 De
2026 2514 2205 2568 conventus,
2227 2517 2250 2561 ut
2295 2517 2297 2532 ¹

1846 2609 2250 2667 seeumlumoonsuetndinem

1846 2711 1993 2784 antiquam
2016 2710 2100 2766 fiant.

1888 2815 1936 2872 38.
1970 2815 2015 2870 De
2048 2816 2102 2882 eis,
2141 2819 2192 2889 qui
2221 2819 2250 2871 ed

1846 2917 1983 2989 plnoituru
1999 2917 2102 2972 venire
2120 2921 2249 2992 neglexe-

1847 3021 1912 3076 rint.

1889 3125 1938 3178 39.
1964 3126 2009 3179 De
2033 3126 2204 3198 mancipiis,
2226 3137 2251 3182 ut

1846 3225 1942 3279 nullus
1965 3233 2046 3280 extre
2071 3231 2250 3299 provinciam

1847 3345 1882 3382 es
1904 3329 2019 3384 seruiet.

1889 3432 1937 3487 40.
1959 3433 2003 3486 Ile
2021 3433 2069 3488 uio
2086 3435 2251 3492 Dominieo.

1889 4047 1937 4100 41.
1968 4049 2011 4100 Do
2035 4045 2161 4102 ineostis
2186 4068 2254 4121 nup·
2301 4083 2302 4088 =

1846 4147 1903 4202 tiis.

1888 4352 1938 4406 4⁶2.
1961 4353 2005 4408 Do
2028 4353 2184 4413 oeeisiono
2209 4377 2254 4431 pn·
2302 4370 2306 4465 Ι

1846 4461 1967 4510 rentum.

1888 4763 1937 4818 43.
1960 4764 2005 4819 De
2028 4762 2192 4822 irnlieilrus.
2301 4668 2306 4791 i

2301 4814 2306 4951 1

1888 5069 1936 5124 44.
1961 5070 2005 5124 De
2030 5069 2084 5138 Iris,
2109 5075 2161 5143 qui
2188 5085 2253 5130 unte

1846 5173 1969 5228 irulicnn
1992 5173 2177 5244 interpellati
2195 5181 2254 5234 fue·
2299 5157 2305 5217 i

1845 5277 1903 5330 rint
1925 5283 1954 5330 et
1976 5295 1993 5330 n
2012 5279 2170 5334 sororibus
2187 5284 2255 5338 viris
2305 5326 2306 5349 3

1846 5379 1993 5434 ronvietis.
2304 5364 2306 5383 ‘

351 5763 379 5826 a)
399 5763 507 5815 rubrica
526 5766 620 5831 lenitur
640 5764 666 5815 in
688 5763 734 5827 4·;
753 5765 824 5816 deest
843 5765 868 5816 4.
947 5763 976 5830 b)
997 5766 1109 5815 surrexit
1128 5761 1166 5816 4⁸.
1251 5766 1278 5832 e)
1297 5766 1369 5816 deest
1387 5767 1412 5816 4.
1498 5767 1526 5830 ἁ)
1546 5767 1617 5817 torus
1637 5763 1675 5817 4⁸.
1751 5768 1777 5832 e)
1798 5769 1837 5818 Do
1857 5769 1963 5820 feminis
1983 5785 2032 5836 qne
2052 5770 2081 5820 in
2101 5773 2256 5833 ministerio

242 5857 316 5910 ducis
334 5855 442 5908 suntin
461 5863 533 5908 textu
551 5856 667 5911 mbr-ica.
