4634 6420
506 491 545 554 10
950 501 1069 556 LEGES
1092 497 1399 555 ALAMANNORUM.
1426 531 1461 538 —
1487 499 1710 554 PRAEFATIO.

502 677 778 746 XXIII-XLIII.
801 679 988 760 secumdam,
1011 680 1090 743 XLI
1095 679 1122 742 V.
1146 688 1174 744 et
1195 687 1359 763 sequentes
1380 681 1508 743 tertiam
1526 688 1654 762 partem
1671 678 1767 765 Lapis
1786 679 1944 764 efficiunt.
1990 680 2029 741 In
2050 681 2163 762 prima

496 792 594 865 parte
616 785 669 846 ias
691 783 857 864 ecclesiae,
887 784 924 848 in
952 784 1173 848 secundulus
1201 783 1312 864 ducis,
1340 785 1377 846 in
1407 783 1503 846 tertia
1526 781 1936 867 iuspopulitractatur1.
1985 781 2164 847 Ulteriora

502 885 639 970 dariique
668 909 725 950 seu
752 887 840 950 tituli
866 889 980 952 tertiae
1004 888 1114 972 partis
1144 887 1209 968 (tit.
1232 884 1352 950 LXXX
1357 885 1528 968 VI—XCI)
1557 887 1656 971 quasi
1682 885 1909 950 additamento
1939 887 2038 950 totius
2066 885 2163 972 Lapis

502 991 572 1052 sine
594 999 678 1053 certo
700 990 817 1054 ordine
838 991 973 1055 subiecti
994 1013 1059 1054 esse
1081 989 1265 1053 uidentur¹.

878 1183 910 1259 ξ.
932 1179 961 1244 4.
1006 1177 1061 1240 De
1090 1177 1278 1260 Epitome
1305 1175 1426 1260 Lepis
1453 1177 1778 1240 Alamannorum.
2183 1198 2196 1238 ι

606 1299 647 1363 In
671 1299 795 1363 duobus
818 1299 982 1364 codicibus
1004 1298 1211 1362 bibliothecae
1233 1300 1345 1384 repiae
1368 1297 1588 1380 Monacensis,
1617 1320 1697 1384 quos
1718 1297 1827 1362 littera
1852 1297 1880 1363 C
1903 1299 2085 1383 sipnamns,
2107 1319 2161 1362 ec·

500 1411 612 1486 carpta
627 1403 790 1488 qsaaedam
808 1403 903 1488 Lapis
914 1403 1177 1467 Alamannorum
1193 1403 1417 1483 inveniantur,
1435 1401 1514 1486 Lepi
1524 1402 1774 1466 Baisoariorum
1788 1402 1941 1482 archicola,
1958 1409 1993 1464 ul
2009 1399 2162 1484 afferant,

501 1507 638 1590 quaein
662 1514 756 1590 pacto
771 1505 991 1569 Bawariorum
1013 1503 1130 1568 desunt
1151 1553 1159 1569 .
1183 1553 1190 1568 .
1215 1553 1222 1568 .
1245 1504 1277 1566 in
1294 1513 1389 1589 paeto
1406 1501 1660 1569 Alamannorum
1683 1504 1850 1570 habentur.
1896 1505 1986 1570 Haec
2008 1515 2162 1588 excerpta

501 1608 549 1673 ael
571 1611 731 1694 epitomen
753 1610 835 1696 Lepi
856 1609 1118 1675 Alamannorum
1140 1608 1336 1672 subicienda
1357 1609 1452 1672 duni.

754 1919 808 1993 H.
858 1919 938 1994 De
964 1916 1248 1996 CODICIBUS
1271 1917 1464 1996 LEGUM
1482 1917 1908 1994 ALAMANNORUM.
2184 1953 2211 1992 ιι

1014 2127 1046 2204 5.
1067 2123 1097 2186 5.
1142 2122 1198 2186 De
1226 2121 1410 2187 codicum
1437 2119 1650 2186 classibus.

604 2242 679 2308 Job.
696 2241 827 2326 Merkel,
849 2246 886 2307 in
900 2245 1015 2326 priore
1030 2244 1127 2328 Lapis
1141 2243 1405 2309 Alamannorum
1426 2242 1566 2307 editione
1587 2243 1794 2323 instruenda,
1818 2243 1954 2329 dipessit
1975 2243 2101 2306 codices
2123 2243 2160 2306 in

501 2368 611 2410 nouem
626 2345 756 2427 classes,
779 2345 820 2428 A,
834 2346 876 2428 B,
894 2345 928 2430 0,
944 2347 987 2429 D,
1003 2347 1044 2432 E,
1060 2348 1096 2431 F,
1112 2347 1152 2428 G,
1170 2348 1213 2432 H,
1230 2347 1255 2430 I,
1277 2369 1318 2412 ec
1333 2346 1452 2433 quibus
1468 2345 1556 2410 aliae
1566 2367 1697 2432 paucos
1719 2347 1768 2410 nel
1790 2369 1891 2410 arcum
1914 2355 2051 2428 tantum,
2073 2344 2161 2410 olias

498 2450 660 2535 plurimos
688 2449 813 2514 codices
835 2450 1021 2536 complexae
1048 2460 1134 2516 sunt.
1180 2451 1304 2518 Classis
1326 2450 1367 2533 A,
1395 2459 1431 2514 ut
1460 2451 1639 2534 enemplum
1670 2447 1859 2534 afferamus,
1888 2449 1990 2514 solum
2021 2449 2160 2514 codicem

499 2554 716 2619 Parisiensem
740 2552 811 2616 Lat.
828 2552 951 2636 10,753,
978 2554 1095 2620 classis
1118 2556 1143 2625 I.
1166 2555 1292 2620 codices
1316 2555 1363 2620 16.
1390 2554 1640 2638 comprehendit.
1683 2553 1858 2618 Rationem
1880 2554 2071 2640 dipestionis
2094 2573 2159 2616 non
2181 2575 2208 2617 ιι

497 2659 652 2742 praebuit
673 2658 856 2742 tripartitio
879 2680 900 2719 a
923 2659 992 2723 viro
1015 2659 1107 2724 docto
1129 2658 1185 2724 illo
1204 2659 1240 2722 in
1257 2659 1475 2722 redactionem
1492 2656 1750 2738 Cblotarianam,
1765 2657 2038 2743 Lantfridanom,
2053 2655 2159 2720 Koro-

499 2759 603 2826 linam
622 2760 734 2845 facta,
762 2783 835 2824 cum
862 2761 954 2825 baud
980 2784 1059 2827 raro
1090 2763 1215 2826 codices
1242 2761 1382 2825 eiusdem
1409 2759 1525 2825 classis
1552 2761 1613 2826 alii
1641 2761 1687 2824 ad
1715 2760 1802 2824 alios
1831 2761 2036 2825 reductiones
2059 2747 2099 2823 ab
2123 2782 2159 2822 eo

500 2871 752 2929 numerarentur
759 2873 783 2947 ³,
805 2865 861 2930 sed
884 2863 1045 2949 affinitas,
1067 2889 1166 2953 quam
1188 2867 1274 2930 inter
1288 2865 1437 2950 sinpulos
1452 2865 1586 2946 codices,
1609 2866 1677 2930 sive
1697 2865 1731 2927 in
1747 2861 1938 2929 lectionibus
1953 2865 2019 2928 sine
2035 2865 2070 2928 in
2087 2863 2159 2948 ipso

501 2976 691 3054 arpumento
713 2989 823 3032 eorum
847 2990 1011 3052 apparere
1034 2968 1272 3036 arbitrabatur.

608 3088 699 3163 Quae
714 3089 851 3176 dipestio
868 3090 1073 3156 Merkeliana
1088 3091 1191 3174 nobis,
1213 3101 1322 3178 utpote
1341 3113 1426 3178 quae
1447 3090 1618 3155 levissimis
1640 3091 1810 3154 momentis
1830 3092 1967 3172 nitatur,
1991 3089 2160 3154 reiciendo
2179 3115 2209 3154 so

500 3202 528 3257 et
550 3195 636 3258 inter
658 3192 745 3257 duas
766 3202 892 3259 tantam
915 3194 1032 3259 classes
1054 3196 1203 3260 codicum
1225 3195 1494 3281 distinpuendum
1516 3216 1581 3258 esse
1603 3193 1742 3258 uidetur.

606 3317 720 3380 Prima
750 3316 878 3399 classis,
908 3339 1005 3402 quam
1032 3316 1182 3382 literaA
1211 3315 1449 3403 sipnificamus,
1480 3317 1709 3402 antiquiorem,
1738 3313 1853 3398 altera,
1883 3337 1981 3403 queam
2010 3315 2160 3380 literali

500 3422 737 3508 significamus,
759 3422 966 3486 recentiorem
988 3430 1108 3485 tectum
1129 3421 1263 3485 conbibet.

607 3541 730 3609 Classis
746 3543 777 3608 A
792 3545 933 3608 continet
949 3543 988 3606 12
1011 3542 1147 3626 codices,
1169 3545 1227 3629 qui
1247 3550 1379 3626 eccepto
1397 3564 1474 3624 uno,
1496 3541 1616 3607 scilicet
1632 3543 1662 3606 A
1677 3542 1707 3624 7,
1731 3564 1836 3608 onines
1856 3543 2015 3608 VIII-X.
2031 3541 2159 3608 saeculo

499 3648 617 3732 scripti
627 3655 709 3711 sard.
743 3646 857 3732 Itaque
872 3667 974 3711 sermo
989 3647 1086 3710 rudis
1101 3655 1197 3730 atque
1211 3654 1387 3732 corruptus
1402 3655 1457 3728 est,
1473 3645 1639 3711 distinctio
1653 3648 1822 3712 titulorum
1836 3650 1874 3712 in
1890 3657 1978 3712 tectu
1994 3657 2052 3710 aut
2065 3645 2159 3730 nulla
2181 3667 2209 3707 so

501 3761 558 3816 aut
586 3751 680 3816 valde
706 3748 907 3834 imperfecta.
951 3749 1096 3835 Sinpula
1127 3750 1241 3835 capita
1269 3771 1365 3833 saepe
1393 3749 1487 3813 verbo
1516 3751 1569 3812 ‘ut’
1597 3750 1862 3834 introducuntur,
1890 3753 1988 3837 quasi
2014 3773 2054 3815 en
2083 3754 2160 3834 ipsa

498 3853 702 3942 legislatione
732 3852 912 3938 effluentia,
929 3851 1054 3938 fredus
1075 3851 1117 3916 40
1139 3851 1317 3917 solidorum
1339 3854 1503 3917 interdum
1522 3875 1586 3938 pro
1605 3852 1707 3939 fredo
1730 3854 1772 3918 60
1801 3852 1979 3919 solidorum
2007 3857 2160 3934 occrcrrit,

500 3981 583 4044 quae
617 3980 689 4022 cum
723 3957 800 4020 aliis
832 3958 1034 4040 arpumentis
1073 3956 1197 4020 codices
1236 3956 1352 4020 classis
1388 3957 1416 4019 A
1452 3958 1669 4042 antiqeciorcm
1700 3967 1820 4022 tectam
1857 3960 2019 4022 continere
2056 3959 2158 4043 sipni-

492 4061 609 4144 Jicant.
653 4059 790 4145 Sinpuli
818 4068 923 4125 tamen
953 4059 1079 4123 codices
1109 4059 1208 4123 bosius
1237 4057 1363 4140 classis,
1391 4059 1479 4143 quod
1504 4060 1550 4124 ad
1572 4060 1713 4125 indicem
1736 4070 1764 4123 et
1786 4083 1937 4127 numeros
1960 4071 1988 4124 et
2009 4061 2160 4125 rubricas

499 4174 605 4228 tectus
635 4165 758 4242 attinet,
787 4164 874 4226 inter
903 4185 935 4226 se
963 4163 1057 4226 adde
1087 4160 1251 4248 differunt.
1296 4164 1441 4228 Iudicem
1470 4166 1555 4228 enim
1581 4186 1648 4229 non
1670 4186 1787 4246 omnes,
1817 4165 2011 4249 sedseptem
2034 4175 2209 4229 tantumno

500 4268 625 4333 codices
642 4265 800 4351 praebent
823 4267 871 4349 (A
890 4267 916 4329 1.
931 4267 961 4332 4.
977 4265 1070 4330 6-9.
1089 4266 1155 4347 11).
1192 4266 1356 4331 Rubricas
1370 4268 1407 4330 in
1422 4276 1511 4358 tenta
1524 4269 1749 4351 paucissimae
1762 4268 1910 4355 plerique
1924 4269 2050 4334 codices
2061 4291 2160 4354 prae-

499 4373 588 4453 bent,
622 4371 659 4433 in
694 4377 836 4453 qrcatuor
865 4377 971 4434 autem
998 4368 1164 4434 codicibus
1189 4373 1256 4434 siue
1286 4371 1432 4434 omnibus
1461 4373 1528 4434 siae
1554 4371 1721 4457 plerisque
1750 4371 1854 4436 titulis
1884 4373 2034 4438 rubricae
2061 4394 2160 4456 prae-

492 4474 650 4560 fipantur
679 4471 727 4556 (A
749 4471 779 4536 4.
803 4471 935 4552 8-10).
978 4471 1145 4536 Numerus
1167 4473 1333 4538 titnlomrm
1355 4477 1392 4539 in
1416 4471 1492 4538 aliis
1515 4474 1680 4539 codicibus
1703 4475 1791 4560 alius¹
1813 4486 1868 4540 est.
1913 4476 2098 4540 Invenimus
2121 4475 2163 4541 94

501 4578 550 4658 (A
571 4575 600 4642 3.
624 4577 673 4658 9),
702 4575 743 4640 95
771 4573 820 4656 (A
843 4577 871 4638 1.
897 4574 964 4657 12),
992 4573 1032 4638 97
1057 4575 1104 4657 (A
1125 4577 1155 4639 4.
1178 4576 1207 4640 6.
1231 4575 1279 4660 7),
1309 4577 1350 4642 98
1379 4578 1426 4659 (A
1451 4577 1518 4659 10),
1546 4567 1587 4641 99
1616 4579 1664 4661 (A
1686 4578 1735 4659 5),
1766 4579 1824 4642 102
1848 4578 1897 4661 (A
1919 4578 1948 4642 2.
1972 4580 2009 4660 8)
2040 4579 2160 4644 titulos.

504 4680 630 4755 Qteibus
655 4701 694 4744 ea
718 4681 812 4743 rebus
834 4674 1011 4764 callipitur,
1039 4688 1159 4743 tentum
1181 4683 1371 4765 penuinum,
1400 4683 1454 4744 cui
1475 4680 1600 4745 codices
1623 4681 1930 4768 Apropinquiores
1953 4692 2040 4763 sunt,
2063 4705 2161 4768 quam
2179 4704 2208 4744 ss

501 4784 626 4848 codices
643 4783 682 4865 B,
705 4804 806 4867 neque
827 4783 967 4846 indicem
990 4805 1090 4868 neque
1111 4783 1270 4868 rubricas,
1293 4786 1361 4848 nisi
1375 4781 1442 4848 illis
1452 4785 1669 4868 paucissimis
1684 4785 1773 4868 locis,
1796 4786 1852 4850 ubi
1868 4809 1975 4850 oncnes
1990 4787 2115 4852 codices
2130 4786 2161 4851 A

501 4886 653 4951 rubricas
672 4885 840 4969 praebent,
863 4907 964 4971 neque
987 4895 1105 4951 certam
1127 4910 1296 4952 numerum
1319 4887 1487 4952 titulorum
1510 4888 1671 4953 babuisse.

608 5007 732 5074 Classis
754 5007 786 5070 B
807 5009 947 5071 continet
968 5009 1007 5070 41
1032 5009 1167 5091 codices,
1190 5031 1327 5096 quorum
1351 5007 1461 5073 nullus
1482 5010 1519 5073 in
1542 5019 1664 5093 octono,
1687 5012 1813 5097 sinpali
1834 5015 1870 5078 in
1894 5035 1990 5096 nono,
2010 5011 2160 5098 plerique

500 5115 537 5178 in
568 5113 689 5177 decimo
719 5120 747 5175 et
773 5111 953 5190 undecimo,
984 5135 1071 5176 unas
1099 5114 1135 5177 in
1166 5112 1355 5178 duodecimo
1385 5111 1513 5177 saeculo
1541 5115 1660 5199 scripti
1685 5124 1771 5179 sunt.
1815 5113 1929 5180 Sermo
1958 5117 2159 5182 emendatior

502 5225 597 5300 cctqtee
612 5212 792 5300 elepantior
807 5223 861 5295 est,
883 5213 1043 5300 multoque
1057 5217 1164 5301 mapis
1178 5218 1415 5302 prammaticae
1429 5217 1515 5302 lepes
1531 5219 1752 5298 observantur,
1775 5241 1874 5302 quam
1889 5222 1925 5283 in
1941 5220 2106 5283 codicibus
2119 5221 2158 5284 A.
2178 5242 2207 5281 co

506 5319 622 5383 anneo
640 5318 718 5403 scre
743 5318 867 5382 codices
888 5318 920 5381 B
941 5318 1082 5383 indicem
1104 5320 1271 5383 titulorum
1288 5318 1456 5404 praebent,
1484 5323 1521 5386 in
1550 5324 1695 5387 omnibus
1712 5321 1790 5407 fere
1815 5322 1981 5386 codicibus
2005 5323 2035 5384 B
2056 5325 2160 5388 leutici

501 5423 597 5508 Lepis
612 5421 740 5486 nunieri
754 5431 782 5485 et
796 5421 948 5486 rubricae
963 5419 1128 5487 titulorum
1141 5422 1279 5487 ‘adiecta
1304 5433 1390 5506 stent,
1413 5433 1442 5487 et
1464 5411 1619 5490 naimarus
1642 5426 1770 5512 quidem
1790 5425 1959 5490 titulorum
1981 5428 2018 5490 in
2038 5426 2157 5512 pleris-

589 5653 617 5726 1)
635 5653 694 5721 Gsr.
713 5654 749 5709 H.
766 5653 907 5722 Brunner,
925 5654 1004 5715 ‘Sex
1019 5655 1038 5710 l.
1056 5673 1078 5708 c.
1093 5674 1123 5726 p.
1141 5655 1208 5709 l'll.
1241 5656 1275 5709 In
1284 5654 1414 5722 sontibus
1428 5656 1499 5710 iuris
1513 5659 1736 5726 septentrionalis
1751 5659 1855 5713 similes
1872 5666 1967 5730 partes
1982 5659 2160 5714 inveniuntur

501 5755 793 5824 (Kristindbmsballcr,
816 5757 1035 5828 Konunpsballcr
1057 5761 1130 5829 cta).
1218 5759 1247 5826 2)
1272 5757 1332 5827 Csr.
1349 5761 1396 5816 ‘N.
1413 5759 1524 5816 Arcbio’
1547 5761 1585 5830 X,
1605 5780 1636 5831 p.
1652 5761 1731 5833 491‚·
1753 5763 1791 5820 H.
1807 5764 1940 5818 Brunner
1961 5765 1979 5821 l.
1997 5783 2020 5819 c.
2041 5783 2071 5834 p.
2090 5765 2159 5821 172.

503 5860 533 5933 3)
557 5861 582 5918 G
602 5861 628 5917 l.
653 5861 681 5917 2.
706 5861 733 5931 4,
757 5868 787 5916 ut
808 5861 959 5933 exemplum
982 5861 1140 5930 afferamus,
1164 5863 1203 5916 ad
1224 5863 1455 5933 Lantsridanam,
1480 5864 1503 5919 0
1524 5865 1541 5918 3
1564 5865 1604 5918 ad
1625 5865 1793 5921 Karolinom
1810 5867 1996 5937 ponebantur.
2178 5884 2207 5928 st
