4634 6420
470 492 530 558 154
717 499 837 557 Lucus
858 499 1167 558 ALAMANNORUM.
1192 533 1229 543 -
1251 501 1330 557 LEX
1350 500 1574 558 XCIII—XCV.
1598 499 1859 575 (XCVI-XCIX).

760 679 793 742 Ε
812 679 904 744 codd.
927 676 975 743 A:

802 781 926 848 XCIII.

541 893 566 944 2.
596 893 625 944 Si
651 907 760 944 carruca
783 891 886 942 involat
911 897 957 942 aut
978 894 1076 959 rumpit
1095 892 1128 944 de
1146 895 1220 945 rotae
1240 892 1273 944 de

468 985 590 1048 (lavante,
609 987 646 1036 sie
660 991 689 1036 ut
701 985 770 1036 diem
784 1000 866 1052 opera
878 985 963 1049 tricet,
981 985 1112 1036 1011110111
1129 991 1273 1051 conponat.

541 1079 567 1128 3.
596 1077 625 1128 Si
650 1078 684 1128 de
708 1083 770 1144 post
792 1079 895 1129 involat
918 1082 966 1128 ant
990 1078 1102 1145 rumpit,
1132 1079 1148 1128 6
1172 1079 1273 1131 solidos

469 1176 612 1236 conponat.

542 1263 567 1313 4.
596 1262 625 1314 Si
645 1264 747 1329 erpices
765 1263 853 1326 fuerit,
873 1263 889 1312 3
909 1262 1010 1315 solidos
1029 1268 1172 1329 conponat.

811 1503 931 1571 XCIV.

298 1626 382 1665 Paetus
390 1625 416 1676 v,
428 1624 450 1669 1.
543 1614 567 1666 1.
596 1614 625 1666 Si
644 1615 702 1682 quis
727 1615 832 1666 burieas
857 1617 885 1664 in
910 1615 979 1665 silve
1003 1619 1057 1666 tam
1080 1629 1176 1681 porcus
1195 1630 1273 1682 qnam

467 1722 566 1775 pecora
582 1707 714 1772 inciderit,
734 1707 768 1756 22
787 1707 887 1759 solidos
906 1711 1049 1773 conponat.

541 1800 566 1850 2.
589 1799 625 1850 Et
643 1800 666 1850 si
683 1801 754 1852 intus
772 1816 820 1866 per
837 1799 925 1851 lurore
942 1802 1024 1851 iubat
1042 1805 1069 1850 et
1087 1799 1121 1850 de
1140 1815 1187 1851 sno
1207 1799 1274 1851 nihil

466 1894 576 1958 invenit,
602 1892 738 1944 osoudoe
764 1899 908 1959 conponat.
944 1893 980 1944 Et
998 1894 1021 1944 si
1045 1894 1074 1944 in
1093 1899 1165 1944 curte
1184 1893 1273 1943 aliena

465 1986 599 2051 Ingressus
618 1986 704 2049 tuerit,
723 1986 804 2036 simili
824 1985 912 2039 modo.

540 2079 566 2127 3.
587 2078 616 2129 Si
634 2079 704 2129 intus
723 2081 751 2129 in
771 2093 856 2140 scura,
878 2077 910 2126 12
924 2078 1024 2130 solidos
1038 2083 1183 2148 conponat.
1214 2079 1272 2130 Nisi

465 2168 601 2220 homicida
619 2181 683 2221 suns
701 2170 771 2221 elin
790 2177 863 2221 curte
889 2173 981 2222 autin
1000 2187 1063 2222 casa
1080 2171 1160 2222 inerit
1178 2177 1205 2223 et
1223 2187 1271 2237 pro

466 2263 524 2329 ipso
538 2263 626 2314 nullos
640 2262 725 2315 offerit
738 2263 859 2328 drictum,
879 2264 902 2315 si
921 2269 1061 2332 sequenter
1079 2265 1166 2330 ipsum
1183 2265 1271 2328 currit,

466 2353 517 2406 hoo
536 2371 590 2407 non
610 2361 650 2407 est
669 2355 703 2406 ad
721 2356 916 2422 requirendum.

358 2827 450 2878 Inue.
542 2816 567 2866 4.
597 2815 704 2883 Siquis
728 2831 835 2880 gregem
861 2814 894 2865 (le
918 2829 1014 2880 porcus
1038 2821 1084 2866 aut
1102 2816 1135 2866 de
1154 2817 1273 2867 iumenta

469 2912 515 2959 ent
539 2909 571 2960 de
594 2909 727 2960 vacaricia
750 2908 793 2958 vel
817 2906 850 2957 de
869 2909 989 2959 vervices
1013 2909 1042 2958 in
1059 2910 1156 2974 pignus
1174 2910 1272 2974 tulerit,

469 3000 504 3051 40
522 3001 623 3052 solidos
642 3001 676 3051 sit
695 3000 840 3066 culpabilis.

359 3105 451 3158 111111,
542 3094 567 3145 6.
588 3094 616 3145 Si
628 3094 764 3160 porcarius
777 3093 881 3158 legatos
900 3093 933 3144 rie
951 3094 996 3144 via
1014 3097 1116 3145 ostatus
1131 3094 1174 3144 vel
1187 3094 1272 3145 battu-

468 3191 511 3237 tus
523 3187 610 3251 fucrit,
629 3186 668 3236 sio
680 3192 710 3236 ut
726 3186 777 3236 duo
791 3191 884 3236 tenent
896 3190 923 3235 et
935 3187 1027 3237 tertius
1040 3187 1161 3252 percutit,
1181 3187 1196 3234 9
1211 3185 1272 3238 soli·

468 3278 517 3330 dos
539 3282 682 3344 conponat.
718 3279 754 3329 ut
773 3278 806 3329 de
824 3278 935 3346 reliquo,
959 3278 1030 3346 quod
1054 3278 1181 3343 cibetur,
1204 3280 1274 3329 sicut

467 3371 582 3438 reliquos
601 3387 692 3422 servos
711 3377 847 3437 conponat
865 3373 890 3422 ei
908 3372 937 3422 in
955 3371 1043 3437 triplo.

542 3556 566 3607 6.
586 3556 628 3606 De
640 3556 712 3623 qnod
726 3555 883 3622 berbigario‚
902 3557 1012 3607 stotario
1032 3561 1059 3608 et
1075 3558 1198 3608 vaccario
1218 3557 1271 3622 liet,

468 3649 537 3700 sicot
554 3649 662 3717 reliquis
680 3649 772 3714 servis,
791 3655 958 3714 conponatur
976 3651 1014 3701 eis
1032 3650 1061 3700 in
1081 3648 1197 3717 duplum.

818 4074 922 4140 XCV.

360 4191 391 4231 to.
399 4191 424 4242 v,
431 4192 452 4233 1.
546 4184 569 4238 1.
594 4184 624 4236 Si
642 4187 700 4252 quis
718 4190 857 4236 venonium
876 4185 1010 4250 bubalum,
1030 4188 1053 4238 si
1071 4203 1184 4253 cervum,
1202 4189 1273 4255 quod

469 4277 566 4344 brugit,
585 4277 710 4329 iuraverit
728 4284 775 4329 ent
797 4276 933 4342 occiderit,
959 4279 990 4328 12
1010 4279 1110 4331 solidos
1130 4285 1272 4346 conponat.

544 4371 569 4421 2.
596 4370 633 4420 Ε1
660 4385 752 4422 cervus
779 4371 825 4422 ille
852 4371 952 4422 treudis
982 4388 1036 4422 nou
1064 4355 1155 4434 habet,
1184 4374 1272 4423 medio

471 4462 555 4514 solido
576 4469 717 4529 conponat.

543 4637 636 4689 XCIV.
665 4637 745 4690 Oodd.
765 4636 790 4689 A
812 4640 907 4688 1-10.

544 5477 624 5530 XCV.
654 5475 734 5530 Oodd.
753 5476 778 5528 A
798 5479 894 5528 1-10,

1607 680 1640 744 Ε
1659 679 1751 744 codd.
1773 679 1823 744 B:

1656 780 1776 847 XCVI.

1389 893 1414 943 2,
1441 892 1470 943 si
1483 907 1619 943 carrucam
1632 892 1735 943 involat
1747 896 1793 943 ant
1805 891 1904 957 mmpit
1915 895 1987 943 rotas
2000 891 2028 943 in
2041 892 2121 957 priori

1315 989 1399 1050 parte,
1417 989 1447 1036 ut
1465 985 1507 1036 die
1526 985 1573 1035 illa
1591 1001 1673 1052 opera
1688 986 1773 1050 tricet,
1793 984 1893 1036 solidos
1910 984 1925 1032 3
1940 989 2085 1050 conponat.

1389 1077 1414 1128 3.
1445 1075 1474 1128 Si
1498 1077 1531 1128 de
1554 1083 1616 1143 poet
1639 1077 1742 1128 involat
1769 1082 1816 1128 eut
1840 1077 1952 1144 rumpit,
1982 1077 1998 1126 6
2022 1075 2155 1128 solidosb

1316 1174 1460 1235 conponat.

1389 1262 1415 1316 4,
1445 1261 1474 1312 Si
1493 1261 1612 1328 herpices
1630 1260 1718 1328 luerit,
1738 1261 1753 1310 3
1774 1260 1875 1314 solidos
1895 1265 2039 1328 conponat.

1316 1401 1452 1469 XCVII.
1482 1402 1539 1467 De
1561 1423 1621 1488 co,
1644 1403 1732 1490 qui·
1754 1402 1937 1468 buricns'l
1961 1403 1998 1465 iu
2020 1400 2122 1466 silva

1451 1517 1692 1593 porcorume
1715 1505 1984 1572 incenderitl.

1392 1617 1415 1670 1.
1435 1616 1464 1668 Si
1477 1618 1536 1683 quin
1554 1617 1659 1668 burieas
1677 1617 1706 1667 in
1725 1617 1792 1668 silva
1810 1622 1865 1667 tam
1883 1631 2022 1683 porcorum
2042 1631 2122 1684 qnam
2143 1621 2170 1662 ¹⁰

1315 1723 1441 1776 pecorum
1460 1709 1617 1773 incenderit,
1637 1709 1671 1756 22
1691 1709 1791 1760 solidos
1811 1715 1955 1776 conponat.

1389 1801 1413 1852 2.
1433 1802 1469 1853 ut
1481 1804 1504 1852 si
1516 1803 1587 1852 intus
1600 1818 1647 1868 per
1660 1801 1775 1852 furorem
1793 1802 1875 1852 intrat
1894 1807 1921 1852 et
1939 1802 1972 1853 de
1992 1817 2040 1853 suo
2057 1800 2123 1852 nihil

1314 1894 1424 1959 invenit,
1451 1894 1586 1945 6solidos
1613 1899 1757 1961 conponat.
1794 1895 1829 1944 ut
1847 1895 1870 1945 si
1894 1895 1922 1944 in
1941 1899 2016 1945 carte
2034 1894 2123 1945 aliena

1314 1989 1448 2052 ingressus
1467 1987 1554 2051 fuerit,
1573 1987 1653 2038 simili
1671 1986 1761 2038 modo.

1388 2079 1413 2130 3.
1434 2079 1463 2130 Si
1476 2079 1546 2130 intus
1564 2081 1592 2130 in
1611 2079 1707 2142 scuria,
1729 2079 1762 2127 12
1776 2077 1876 2130 solidos
1890 2083 2033 2145 conponat.
2064 2079 2122 2130 Nisi
2142 2087 2168 2126 11
2194 2099 2195 2104 ’

1313 2171 1448 2222 homicida
1466 2187 1530 2222 suns
1550 2173 1575 2222 ei
1592 2172 1621 2222 in
1641 2177 1713 2222 curte
1732 2176 1778 2221 aut
1796 2172 1825 2222 in
1844 2187 1908 2222 casu
1926 2171 2006 2222 fuerit
2028 2177 2055 2222 et
2073 2187 2121 2237 pro

1313 2265 1372 2330 ipso
1389 2263 1477 2314 nullus
1496 2264 1572 2315 oli'ert
1589 2264 1725 2328 iustitiam,
1746 2265 1768 2314 si
1781 2269 1923 2330 sequenter
1934 2265 2021 2331 ipsum
2034 2265 2122 2328 currit,

1313 2355 1364 2407 hoc
1382 2371 1438 2407 non
1458 2361 1498 2408 est
1516 2357 1551 2407 nd
1570 2357 1764 2424 requirendum.

1315 2496 1468 2563 XCVIII.
1491 2497 1549 2562 Dc
1564 2520 1622 2579 eo,
1639 2498 1705 2585 qui
1720 2520 1879 2583 gregem
1896 2496 2118 2563 animaIIum

1313 2601 1372 2665 lu¹¹
1400 2601 1572 2687 pignusa
1601 2601 1766 2666 tulerit¹³
1800 2613 1861 2666 ete
1891 2603 2119 2687 porcarium
2139 2621 2167 2660 ao
2217 2633 2221 2640 ·

1314 2702 1375 2770 vel
1398 2705 1574 2768 ceteros‘¹
1596 2713 1804 2789 pastores⁰
1832 2702 2119 2788 flagellaverit.

1389 2815 1414 2865 1.
1443 2815 1549 2881 Siquis
1573 2829 1681 2879 gregem
1705 2815 1738 2865 de
1763 2815 1851 2880 porcis
1876 2820 1922 2865 ant
1945 2815 1977 2865 de
1995 2815 2120 2865 iumentis

1315 2913 1361 2959 ant
1386 2908 1418 2959 de
1442 2909 1532 2958 aeccle
1556 2906 1598 2956 vel
1625 2907 1657 2957 de
1682 2906 1831 2958 berbicibus
1856 2907 1885 2957 in
1907 2909 2004 2974 pignus
2023 2907 2120 2971 tulerit,

1315 2999 1351 3050 40
1369 3000 1461 3050 solidis
1481 3001 1516 3051 sit
1535 2998 1682 3065 culpabilis.

1389 3092 1415 3144 2.
1449 3093 1478 3144 Si
1510 3093 1644 3159 porcarius
1674 3092 1771 3156 ligatus
1799 3093 1832 3144 de
1860 3093 1904 3142 aia
1930 3092 2050 3143 hortatos
2078 3093 2121 3143 vel
2138 3102 2167 3142 11

1314 3185 1438 3236 battutas
1456 3185 1543 3247 luerit,
1569 3186 1608 3234 sic
1632 3191 1662 3236 ut
1687 3184 1739 3235 dno
1765 3189 1875 3235 teneant
1898 3190 1924 3235 et
1949 3186 2039 3235 tertius
2062 3201 2121 3251 per-

1315 3279 1405 3341 cutiat,
1431 3278 1447 3326 9
1467 3277 1567 3329 solidos
1587 3283 1731 3343 conponat.
1771 3278 1806 3328 Et
1825 3277 1858 3327 de
1877 3277 1986 3344 reliquo,
2006 3279 2077 3343 quod
2097 3279 2120 3329 ei

1314 3369 1385 3436 lecit,
1405 3371 1474 3421 sicut
1485 3371 1592 3438 reliquis
1606 3371 1689 3421 servis
1703 3371 1819 3436 conponi
1837 3369 1913 3434 solet,
1933 3370 1958 3420 ei
1973 3371 2001 3420 in
2012 3369 2121 3436 triplum

1316 3468 1460 3529 conponat.

1386 3555 1412 3606 3.
1441 3556 1483 3606 De
1501 3555 1571 3623 quod
1591 3556 1747 3619 berbicario,
1767 3556 1876 3606 steterio
1896 3561 1923 3604 et
1941 3555 2063 3605 vaccario
2083 3554 2120 3618 fit,
2139 3561 2167 3600 31

1314 3647 1385 3713 quod
1403 3647 1510 3716 reliquis
1529 3649 1611 3700 servis
1631 3648 1746 3715 conponi
1765 3648 1842 3712 solet,
1861 3653 2028 3713 conponatur
2041 3647 2079 3697 eis
2092 3648 2120 3697 iu

1314 3739 1405 3806 duplo.

1315 3868 1437 3935 XCIX.
1480 3870 1537 3936 De
1573 3894 1631 3955 eo,
1676 3874 1746 3959 qui
1782 3872 2020 3938 1111101111111ει
2055 3872 2120 3938 vel

1314 3981 1450 4039 cetera
1478 3974 1667 4040 animalia
1696 3977 2119 4042 111111111111111111111111ο

1612 4080 1819 4145 occiderit.
2139 4104 2167 4146 11

1390 4189 1413 4240 1.
1437 4188 1465 4239 Si
1484 4189 1542 4254 quis
1561 4190 1714 4255 bissontem,
1734 4190 1859 4242 bubalum
1878 4192 1921 4242 vel
1940 4207 2055 4254 cervum,
2075 4191 2119 4258 qni

1314 4281 1410 4348 prugit,
1436 4282 1561 4333 furaverit
1579 4289 1625 4333 aut
1643 4284 1778 4350 occiderit,
1805 4283 1838 4333 12
1858 4284 1957 4335 solidos
1977 4289 2119 4350 conponat.

1389 4375 1414 4426 2.
1434 4375 1469 4426 Et
1487 4376 1510 4425 si
1528 4392 1620 4428 cervus
1638 4376 1683 4427 ille
1703 4377 1803 4427 treudis
1821 4375 1983 4442 nonhabet,
2003 4376 2118 4428 medium

1315 4466 1430 4518 solidum
1450 4475 1593 4533 conponat

1387 4643 1494 4695 XCVII.
1524 4641 1605 4695 011111.
1625 4643 1651 4693 Β
1667 4646 1689 4695 l.
1706 4643 1746 4695 lb.
1763 4645 1861 4695 2-21.
1879 4644 1922 4694 21.
1940 4644 2058 4695 27-32,
2074 4645 2118 4696 37.
2136 4655 2165 4693 eo

1314 4733 1342 4798 a)
1369 4735 1431 4801 quia
1456 4735 1499 4786 20.
1594 4735 1624 4798 b)
1650 4737 1755 4802 punicas
1782 4737 1825 4787 20.
1852 4736 1901 4798 243
1930 4739 2048 4803 pruriens
2074 4737 2118 4787 30.

1314 4825 1341 4892 c)
1361 4843 1486 4892 pecorum
1504 4827 1544 4878 lb.
1560 4827 1586 4878 3.
1602 4828 1627 4879 4.
1646 4824 1686 4878 10.
1702 4831 1743 4880 ll.
1761 4829 1804 4880 21.
1822 4830 1865 4882 21.
1883 4829 2005 4892 29-32;
2023 4845 2118 4896 pecco·

1314 4935 1372 4969 rum
1391 4920 1417 4968 6.
1492 4919 1522 4984 d)
1541 4921 1660 4972 incendit
1679 4921 1722 4971 20.

1387 5011 1508 5064 XCVIII.
1538 5011 1619 5065 Oodd.
1638 5012 1665 5064 Β
1686 5015 1708 5064 l.
1730 5013 1770 5064 lb.
1797 5015 1877 5065 2-4.
1901 5015 1926 5066 6.
1950 5013 2049 5064 8-21.
2075 5012 2118 5064 24.

1315 5103 1431 5152 27-32.
1453 5105 1496 5156 36.
1518 5106 1562 5154 31.
1618 5105 1646 5170 a)
1671 5105 1725 5156 dee.
1753 5106 1779 5157 2.
1872 5105 1901 5172 1))
1922 5107 2056 5173 acceperit
2077 5107 2166 5156 18.11

1314 5193 1343 5259 c)
1362 5196 1433 5247 deest
1452 5199 1482 5260 4;
1502 5205 1576 5248 et—
1591 5198 1764 5263 flagellaverit
1781 5199 1836 5250 dee.
1853 5199 1895 5252 18.
1951 5199 1980 5262 d)
2001 5200 2068 5250 alios
2088 5201 2119 5261 ⁴3

1314 5288 1356 5338 vel
1375 5317 1412 5324 -
1429 5289 1603 5353 flagellaverit
1620 5289 1675 5340 des.
1697 5291 1744 5352 27;
1764 5292 1806 5342 vel
1826 5309 1849 5342 o.
1869 5299 1989 5358 pastores
2008 5291 2062 5342 1111.
2080 5291 2118 5342 lb.

1315 5379 1343 5444 e)
1362 5381 1433 5430 deest
1452 5381 1499 5443 293
1518 5389 1638 5446 pastores
1657 5383 1830 5448 flagellaverit
1848 5384 1901 5436 des.
1922 5387 1947 5434 4.

1389 5473 1485 5524 XCIX.
1515 5471 1595 5526 codd.
1622 5474 1648 5523 B
1670 5476 1692 5526 1.
1716 5475 1753 5526 lb.
1781 5477 1891 5528 2-21.
1919 5478 1961 5526 24,
1990 5478 2117 5527 ‘et-32.

1316 5565 1433 5616 36-38.
1471 5563 1500 5629 a)
1519 5572 1565 5616 aut
1583 5566 1710 5618 bubulum
1729 5567 1914 5633 add.10.16;
1933 5570 1975 5620 vel
1993 5570 2119 5620 bubalum
2139 5577 2168 5616 no

1317 5657 1380 5709 odet.
1395 5658 1426 5706 21
1438 5675 1445 5721 ;
1464 5663 1510 5709 ent
1522 5659 1646 5710 bubalum
1659 5665 1706 5710 aut
1720 5660 1784 5712 add.
1801 5663 1851 5724 813
1870 5661 1977 5712 rubrica
1990 5661 2061 5713 111111
2077 5660 2119 5726 18,

1316 5749 1362 5801 abt
1393 5748 1435 5800 Ira‘c
1468 5749 1560 5802 titulae
1594 5768 1653 5804 cam
1688 5753 1851 5805 antecedenti
1883 5753 2038 5805 coniunctae
2073 5760 2119 5806 eet.

1315 5842 1345 5906 b)
1364 5842 1434 5894 deest
1456 5843 1495 5894 lb.
1510 5843 1535 5895 3.
1601 5843 1629 5912 c)
1648 5845 1690 5898 vel
1710 5844 1757 5910 27;
1777 5852 1822 5897 out
1841 5845 2081 5899 011111111111116.
2164 5874 2171 5884 ·
