4612 6414
799 487 917 544 LEGES
939 483 1247 544 ALAMANNORUII.
1273 517 1308 526 -—
1331 487 1418 542 LEX.
1461 485 1612 544 INDICES
1634 487 1669 542 A.

332 677 385 734 Eri,
535 673 614 727 Oodd.
638 677 662 726 1.

314 781 385 832 XCI.
439 770 487 826 88.
516 771 562 824 De
583 769 637 838 his,
662 769 710 842 qui
733 777 800 840 post.
893 773 936 826 92.

396 872 523 927 finienda
567 890 653 928 eausa
700 873 797 927 malla·

395 977 478 1032 verit.

302 1187 385 1240 XCII.
440 1181 488 1237 89.
511 1167 626 1250 Deliis,
651 1183 699 1254 qui
719 1183 798 1237 femi·

396 1302 462 1340 nam
513 1285 667 1358 ingenuam
715 1286 798 1358 colpe

396 1389 581 1460 percusserit.

286 1501 384 1555 xc111.
440 1493 488 1547 90.
517 1492 563 1548 De
585 1491 639 1562 his,
671 1492 719 1564 qui
742 1510 799 1546 rne-

398 1595 505 1650 dullam
528 1594 644 1668 rumpit.

291 1809 385 1863 XCIV.
440 1801 488 1854 91.
533 1803 578 1856 De
616 1801 730 1855 burieas
769 1801 799 1854 in

288 1913 366 1964 1-3.
397 1903 469 1958 silva
491 1904 625 1960 incinsas.

296 2723 319 2773 b.
342 2722 366 2774 6.

302 2923 383 2976 XCV.
438 2921 487 2976 92.
503 2919 615 2990 Dahis,
630 2921 678 2992 qni
689 2921 798 2976 visson-

395 3031 454 3078 tum
470 3023 612 3078 biballum
628 3042 743 3079 cervum
757 3024 798 3076 in-

395 3126 482 3182 velat.

289 3237 384 3293 XCVI,
439 3230 487 3283 93.
503 3231 549 3284 De
561 3228 615 3298 his,
633 3230 682 3302 qui
698 3247 798 3300 aecep-

395 3339 496 3402 torem‚
528 3332 576 3404 qui
600 3350 672 3386 anea
695 3332 800 3387 merdit

287 3441 365 3494 1-3.
396 3435 544 3490 occiderit.

340 3647 365 3697 4.

287 3951 366 4004 6-7,

276 4163 386 4215 XCVII,
440 4147 488 4201 94.
512 4148 556 4202 De
579 4147 734 4218 ingenuum
751 4152 800 4200 aut

396 4251 550 4322 ingenuam
579 4250 655 4304 intra
681 4249 798 4304 miserit.

263 4672 386 4725 xcvnl,
442 4659 490 4714 95.
521 4660 566 4713 De
589 4657 643 4729 his,
674 4657 722 4729 qui
753 4675 798 4712 res

398 4761 507 4817 alienas
524 4768 574 4817 ant
587 4760 798 4817 ecclesiasticas

399 4865 531 4920 evaserit.

396 4988 574 5044 EXPLICIT
609 4987 800 5044 CAPITULA

465 5093 575 5149 LEGIS
598 5089 725 5148 HUIUS.

1398 673 1415 722 4

1072 771 1135 822 931.
1259 765 1306 822 93.
1330 765 1403 838 (92).
1430 767 1474 822 Da
1498 784 1542 834 eo,
1568 767 1617 840 qni
1711 775 1753 825 94.

1215 877 1281 940 post
1314 869 1424 925 finitam
1457 877 1487 925 et
1522 887 1616 924 enien-

1216 975 1311 1028 datam
1346 991 1462 1029 eausam
1499 974 1617 1029 mallare

1214 1077 1431 1149 presumpserit.

1258 1181 1307 1234 94.
1331 1181 1375 1236 De
1397 1199 1441 1249 eo,
1466 1181 1514 1254 qui
1538 1181 1616 1254 inge·

1215 1301 1300 1338 neam
1337 1284 1474 1339 feminam
1512 1284 1616 1340 celabo

1214 1387 1439 1457 percusserint0.

1257 1490 1306 1544 95.
1336 1491 1381 1546 De
1405 1509 1449 1558 eo,
1484 1491 1532 1564 qui
1560 1509 1617 1546 rne-

1216 1593 1310 1646 delam
1326 1601 1375 1647 aut
1387 1611 1535 1650 carrucam
1548 1596 1616 1650 alte·

1215 1695 1274 1750 rius
1296 1695 1477 1752 involaverit.

1258 1801 1306 1854 96.
1331 1801 1375 1856 De
1399 1819 1443 1870 eo,
1468 1801 1516 1874 qui
1540 1801 1617 1874 puri·

1216 1919 1263 1957 eas
1286 1903 1315 1956 in
1331 1903 1404 1958 silva
1418 1922 1557 1976 pecorum
1577 1905 1617 1960 in·

1215 1999 1404 2062 cendenmtd.

1258 2212 1307 2268 97.
1331 2213 1404 2284 (96).
1435 2213 1480 2268 De
1501 2229 1546 2282 eo,
1571 2213 1619 2284 qui

1214 2331 1332 2387 gregem
1378 2315 1543 2370 animalium
1589 2315 1619 2369 in

1214 2419 1320 2490 pignus
1342 2419 1474 2474 trrllerit⁰
1502 2425 1531 2474 et
1552 2437 1617 2490 por·

1215 2521 1322 2576 carium
1345 2523 1390 2578 vei
1414 2515 1545 2578 ceterasf
1567 2541 1618 2595 pa·

1215 2631 1307 2680 stores
1329 2625 1580 2698 flagellaverant&

1258 3538 1306 3592 98.
1330 3538 1402 3610 (97).
1433 3541 1476 3594 De
1500 3558 1545 3608 ee,
1570 3541 1617 3612 qui

1215 3635 1394 3695 birssonterrr¹¹
1411 3649 1461 3696 aut
1479 3643 1618 3697 bubalum

1214 3744 1259 3797 vel
1283 3751 1380 3799 cetera
1411 3745 1546 3800 animalia
1575 3746 1617 3799 fn·

1214 3848 1321 3902 raverit
1344 3854 1394 3902 aut
1416 3848 1563 3904 occiderit.

1234 4052 1467 4112 EXPLICIUNT
1496 4053 1594 4107 cnei-

1360 4158 1473 4212 TUM.

2009 673 2034 725 6.
2057 675 2082 722 I.

1886 767 1935 822 89.
1966 769 2010 822 De
2035 785 2080 836 eo,
2113 767 2166 840 qni
2190 775 2255 838 post

1844 865 2010 926 definitami
2047 887 2171 926 eausam
2207 871 2256 924 ali·

1845 991 1929 1046 quem
1963 974 2083 1030 mallara
2116 974 2255 1030 voluerit.

1888 1179 1936 1236 90.
1959 1181 2004 1236 De
2028 1197 2073 1246 ao,
2098 1179 2151 1252 qui
2176 1178 2254 1252 inge·

1844 1301 1930 1338 nnam
1981 1283 2120 1338 feminam
2169 1283 2253 1354 culpo

1845 1387 2029 1456 percusserit.

1888 1489 1937 1544 91.
1988 1489 2032 1544 De
2077 1489 2253 1545 utensilibus

1846 1592 1920 1647 carri
1942 1592 2052 1647 furatis.

1889 1799 1937 1854 92.
1971 1799 2016 1852 De
2047 1797 2160 1852 burieis
2194 1799 2249 1852 ani·

1847 1897 1963 1952 melium
1997 1899 2026 1952 in
2056 1899 2132 1955 silva
2164 1901 2250 1973 siquis

1845 2001 2010 2057 incenderit
2035 2001 2081 2058 vel
2111 2021 2168 2075 per
2196 2005 2249 2060 ior·

1845 2103 1915 2158 tiam
1937 2105 2096 2160 intraverit.

1889 2207 1937 2262 93.
1960 2207 2005 2263 De
2029 2227 2074 2278 eo,
2101 2217 2134 2264 nt
2157 2211 2249 2264 nullus

1846 2327 1963 2383 gregem
1975 2312 2184 2384 cuiuscumque
2193 2314 2248 2368 ani-

1846 2414 1962 2469 malium
1988 2415 2145 2487 pignerare
2169 2435 2248 2488 prae·

1846 2523 1948 2573 sumat.

1889 2724 1938 2778 94.
1962 2723 2006 2778 De
2029 2725 2167 2796 porcario
2190 2725 2250 2780 bat-

1846 2827 1926 2882 tudo.

1889 2933 1937 2986 95.
1982 2931 2027 2986 De
2064 2931 2251 2988 venationum

1847 3033 2041 3090 animantibus
2073 3041 2103 3088 et
2131 3035 2252 3108 reliquis

1846 3137 1948 3192 furatis
1970 3137 2015 3192 vel
2040 3137 2155 3191 eeeisis.

1889 3241 1937 3296 96.
1969 3241 2013 3296 De
2043 3247 2202 3311 acceptare
2226 3247 2253 3296 et

1847 3344 1882 3398 de
1899 3343 1963 3398 aiiis
1979 3343 2155 3398 animalibus
2172 3351 2203 3400 et
2218 3345 2252 3398 de

1846 3463 1927 3514 eane,
1948 3446 1996 3518 qui
2012 3446 2158 3500 hominem
2177 3447 2252 3502 occi·

1846 3549 1921 3603 derit
1944 3555 1973 3604 et
1995 3549 2030 3603 ‹ie
2049 3548 2172 3622 reliquis
2188 3550 2251 3604 tali·

1845 3652 1899 3706 bus
1922 3645 2037 3708 fustist.

1890 3943 1939 3996 91.
1962 3941 2007 3996 De
2029 3941 2107 3995 serre
2130 3940 2253 3996 mulina-

1845 4038 1910 4099 τίοι
1944 4051 1973 4098 et
2001 4045 2036 4098 de
2060 4061 2130 4116 sepe
2156 4045 2253 4116 capel-

1847 4148 1906 4202 lata
1928 4153 2015 4220 atqne
2039 4147 2074 4202 de
2091 4155 2209 4203 mortuo
2225 4148 2254 4200 in

1845 4257 1924 4304 terra
1952 4251 2048 4305 aliena
2077 4250 2196 4321 sepulto
2227 4257 2256 4305 et

1847 4355 1883 4408 de
1917 4359 2029 4409 mortuo
2061 4353 2170 4424 alieno,
2208 4355 2256 4426 qui

1848 4457 1958 4529 absque
1975 4475 2118 4512 censensu
2135 4475 2256 4512 suornm

1848 4559 1977 4631 sepultus
1999 4561 2096 4616 fuerit.

1938 4683 2116 4738 EXPLICIT
2125 4685 2157 4736 ¹¹².

348 5275 375 5342 a)
395 5275 437 5327 iric
456 5278 547 5328 titulae
567 5279 723 5344 conpositas
743 5284 781 5328 est
800 5295 831 5329 ex
851 5275 933 5328 titulis
953 5281 1048 5332 nostris
1061 5280 1133 5334 XCI.
1148 5277 1246 5344 XCVI,
1260 5283 1285 5329 4.
1302 5281 1326 5330 3,
1383 5276 1413 5344 b)
1433 5275 1524 5327 tituta-s
1547 5271 1704 5341 comperitur
1724 5281 1761 5328 eat
1781 5293 1813 5327 ex
1833 5274 1916 5325 litatis
1936 5275 2032 5325 rroatrir
2051 5271 2115 5322 XCI
2123 5273 2153 5334 V,
2172 5275 2258 5327 4-9.

235 5367 317 5420 XCV.
338 5368 436 5433 XOVI,
460 5374 481 5423 l.
502 5371 527 5421 2.
548 5371 572 5422 11.
593 5372 618 5421 6.
640 5373 663 5422 t.
689 5369 805 5422 XCVII.
826 5369 913 5422 XCII.
952 5371 1056 5424 Desunt
1076 5372 1123 5424 troc
1143 5373 1196 5424 loco
1216 5373 1254 5424 tit.
1274 5369 1380 5421 XCIII.
1400 5369 1530 5422 XCVIII.
1552 5369 1652 5432 XCIV,
1675 5370 1754 5432 l-3,
1774 5367 1820 5435 pai
1838 5368 1914 5418 titulo
1933 5365 2042 5416 LXXX.
2064 5366 2165 5416 evracri
2183 5375 2258 5419 sunt.

237 5461 264 5524 c)
284 5466 444 5528 percusserit
462 5459 501 5514 4‘.
564 5463 593 5524 (1)
612 5465 761 5514 incenderit
780 5459 818 5512 4'.
875 5463 902 5526 e)
922 5465 1012 5514 tulerit
1030 5460 1068 5516 4⁸.
1124 5464 1269 5530 fJeeterea
1289 5458 1327 5514 4⁸.
1383 5462 1413 5527 g)
1434 5463 1634 5528 flagellaverunt
1654 5457 1692 5513 4⁸.
1750 5462 1779 5526 h)
1801 5463 1931 5511 bisontern
1952 5455 1991 5508 4'.
2049 5461 2070 5519 1)
2091 5457 2211 5509 diffinita
2233 5463 2256 5512 ’1,

238 5554 268 5618 k)
288 5555 366 5605 saetis
387 5559 410 5606 7.
487 5557 508 5620 1)
528 5558 666 5606 molinario
688 5559 711 5605 ’1.
788 5555 825 5620 m)
845 5556 917 5605 rteest
937 5557 961 5608 6.
