<?xml version="1.0" encoding="UTF-8"?>
<!DOCTYPE html PUBLIC "-//W3C//DTD XHTML 1.0 Transitional//EN"
    "http://www.w3.org/TR/xhtml1/DTD/xhtml1-transitional.dtd">
<html xmlns="http://www.w3.org/1999/xhtml" xml:lang="en" lang="en">
 <head>
  <title>
</title>
<meta http-equiv="Content-Type" content="text/html;charset=utf-8" />
  <meta name='ocr-system' content='tesseract 3.04.00' />
  <meta name='ocr-capabilities' content='ocr_page ocr_carea ocr_par ocr_line ocrx_word'/>
</head>
<body>
  <div class='ocr_page' id='page_1' title='image "./legesalamannoru00lehmgoog/legesalamannoru00lehmgoog_0072.png"; bbox 0 0 4634 6420; ppageno 0'>
   <div class='ocr_carea' id='block_1_1' title="bbox 703 504 1359 564">
    <p class='ocr_par' dir='ltr' id='par_1_1' title="bbox 703 504 1359 564">
     <span class='ocr_line' id='line_1_1' title="bbox 703 504 1359 564; baseline 0.003 -5"><span class='ocrx_word' id='word_1_1' title='bbox 703 504 823 560; x_wconf 82' lang='lat' dir='ltr'>LEGES</span> <span class='ocrx_word' id='word_1_2' title='bbox 845 504 1153 564; x_wconf 85' lang='lat' dir='ltr'><strong>ALAMANNORUM.</strong></span> <span class='ocrx_word' id='word_1_3' title='bbox 1179 537 1214 546; x_wconf 91' lang='lat'>-</span> <span class='ocrx_word' id='word_1_4' title='bbox 1238 506 1315 560; x_wconf 83' lang='lat' dir='ltr'>LEX</span> <span class='ocrx_word' id='word_1_5' title='bbox 1336 507 1359 561; x_wconf 94' lang='lat' dir='ltr'>I.</span> 
     </span>
    </p>
   </div>
   <div class='ocr_carea' id='block_1_2' title="bbox 501 682 1670 776">
    <p class='ocr_par' dir='ltr' id='par_1_2' title="bbox 501 682 1670 776">
     <span class='ocr_line' id='line_1_2' title="bbox 501 682 1670 776; baseline 0.005 -31"><span class='ocrx_word' id='word_1_6' title='bbox 501 682 533 745; x_wconf 87' lang='lat' dir='ltr'><em>E</em></span> <span class='ocrx_word' id='word_1_7' title='bbox 553 682 646 748; x_wconf 86' lang='lat' dir='ltr'>codd.</span> <span class='ocrx_word' id='word_1_8' title='bbox 669 684 721 748; x_wconf 83' lang='lat' dir='ltr'>A:</span> <span class='ocrx_word' id='word_1_9' title='bbox 1350 684 1382 748; x_wconf 86' lang='grc' dir='ltr'><em>Ε</em></span> <span class='ocrx_word' id='word_1_10' title='bbox 1402 687 1494 750; x_wconf 84' lang='lat' dir='ltr'>codd.</span> <span class='ocrx_word' id='word_1_11' title='bbox 1517 687 1566 750; x_wconf 87' lang='lat' dir='ltr'>B:</span> <span class='ocrx_word' id='word_1_12' title='bbox 1666 767 1670 776; x_wconf 21' lang='grc' dir='ltr'>ι</span> 
     </span>
    </p>
   </div>
   <div class='ocr_carea' id='block_1_3' title="bbox 307 802 1862 984">
    <p class='ocr_par' dir='ltr' id='par_1_3' title="bbox 307 802 1862 984">
     <span class='ocr_line' id='line_1_3' title="bbox 596 802 1862 895; baseline 0.012 -35"><span class='ocrx_word' id='word_1_13' title='bbox 596 802 622 869; x_wconf 87' lang='grc' dir='ltr'>Ι,</span> <span class='ocrx_word' id='word_1_14' title='bbox 1058 803 1083 867; x_wconf 94' lang='grc' dir='ltr'>Ι.</span> <span class='ocrx_word' id='word_1_15' title='bbox 1122 802 1201 866; x_wconf 74' lang='lat' dir='ltr'>De⁸</span> <span class='ocrx_word' id='word_1_16' title='bbox 1236 802 1404 888; x_wconf 89' lang='lat' dir='ltr'>liberis,</span> <span class='ocrx_word' id='word_1_17' title='bbox 1437 808 1530 893; x_wconf 78' lang='lat' dir='ltr'>quil</span> <span class='ocrx_word' id='word_1_18' title='bbox 1567 829 1632 872; x_wconf 90' lang='lat' dir='ltr'>res</span> <span class='ocrx_word' id='word_1_19' title='bbox 1665 830 1761 873; x_wconf 86' lang='lat' dir='ltr'>suas</span> <span class='ocrx_word' id='word_1_20' title='bbox 1794 809 1862 895; x_wconf 60' lang='grc' dir='ltr'>αάῗ</span> 
     </span>
     <span class='ocr_line' id='line_1_4' title="bbox 307 904 1793 984; baseline 0.003 -14"><span class='ocrx_word' id='word_1_21' title='bbox 307 926 489 980; x_wconf 75' lang='lat' dir='ltr'>Codd.1.2:</span> <span class='ocrx_word' id='word_1_22' title='bbox 721 931 929 984; x_wconf 75' lang='lat' dir='ltr'>ooaa.a-1a:</span> <span class='ocrx_word' id='word_1_23' title='bbox 1168 904 1393 973; x_wconf 87' lang='lat' dir='ltr'>ecelesiam</span> <span class='ocrx_word' id='word_1_24' title='bbox 1423 910 1524 974; x_wconf 82' lang='lat' dir='ltr'>Dei‘¹</span> <span class='ocrx_word' id='word_1_25' title='bbox 1554 909 1757 982; x_wconf 62' lang='lat' dir='ltr'>tradente,</span> <span class='ocrx_word' id='word_1_26' title='bbox 1792 929 1793 934; x_wconf 72' lang='grc'>’</span> 
     </span>
    </p>
   </div>
   <div class='ocr_carea' id='block_1_4' title="bbox 149 1023 1895 2458">
    <p class='ocr_par' dir='ltr' id='par_1_4' title="bbox 149 1023 1895 2458">
     <span class='ocr_line' id='line_1_5' title="bbox 247 1023 587 1088; baseline 0 -1"><span class='ocrx_word' id='word_1_27' title='bbox 247 1025 275 1087; x_wconf 88' lang='grc'>1.</span> <span class='ocrx_word' id='word_1_28' title='bbox 303 1023 484 1088; x_wconf 77' lang='lat' dir='ltr'>Convenit²</span> <span class='ocrx_word' id='word_1_29' title='bbox 503 1025 587 1087; x_wconf 89' lang='lat' dir='ltr'>enim</span> 
     </span>
     <span class='ocr_line' id='line_1_6' title="bbox 161 1127 586 1213; baseline 0.009 -26"><span class='ocrx_word' id='word_1_30' title='bbox 161 1127 380 1192; x_wconf 78' lang='lat' dir='ltr'>smaioribus</span> <span class='ocrx_word' id='word_1_31' title='bbox 408 1127 504 1192; x_wconf 65' lang='lat' dir='ltr'>natel</span> <span class='ocrx_word' id='word_1_32' title='bbox 533 1148 586 1213; x_wconf 91' lang='lat' dir='ltr'>po-</span> 
     </span>
     <span class='ocr_line' id='line_1_7' title="bbox 199 1227 586 1315; baseline 0.005 -23"><span class='ocrx_word' id='word_1_33' title='bbox 199 1227 279 1315; x_wconf 92' lang='lat' dir='ltr'>pulo</span> <span class='ocrx_word' id='word_1_34' title='bbox 303 1228 586 1294; x_wconf 78' lang='lat' dir='ltr'>Allamannorum⁶</span> 
     </span>
     <span class='ocr_line' id='line_1_8' title="bbox 199 1332 588 1399; baseline 0.008 -3"><span class='ocrx_word' id='word_1_35' title='bbox 199 1355 268 1396; x_wconf 85' lang='lat' dir='ltr'>una</span> <span class='ocrx_word' id='word_1_36' title='bbox 302 1355 376 1397; x_wconf 91' lang='lat' dir='ltr'>cum</span> <span class='ocrx_word' id='word_1_37' title='bbox 410 1332 506 1399; x_wconf 67' lang='lat' dir='ltr'>duci(¹</span> <span class='ocrx_word' id='word_1_38' title='bbox 537 1357 588 1399; x_wconf 90' lang='lat' dir='ltr'>eo·</span> 
     </span>
     <span class='ocr_line' id='line_1_9' title="bbox 200 1435 584 1503; baseline 0.005 -4"><span class='ocrx_word' id='word_1_39' title='bbox 200 1457 273 1500; x_wconf 92' lang='lat' dir='ltr'>rum</span> <span class='ocrx_word' id='word_1_40' title='bbox 287 1436 460 1503; x_wconf 77' lang='lat' dir='ltr'>Lanlrido⁰</span> <span class='ocrx_word' id='word_1_41' title='bbox 474 1435 526 1503; x_wconf 87' lang='lat' dir='ltr'>vel</span> <span class='ocrx_word' id='word_1_42' title='bbox 543 1439 584 1502; x_wconf 90' lang='lat' dir='ltr'>ei·</span> 
     </span>
     <span class='ocr_line' id='line_1_10' title="bbox 199 1540 586 1628; baseline 0.003 -25"><span class='ocrx_word' id='word_1_43' title='bbox 199 1541 359 1605; x_wconf 60' lang='lat' dir='ltr'>teror-um!</span> <span class='ocrx_word' id='word_1_44' title='bbox 375 1540 494 1628; x_wconf 89' lang='lat' dir='ltr'>popule</span> <span class='ocrx_word' id='word_1_45' title='bbox 509 1541 586 1606; x_wconf 90' lang='lat' dir='ltr'>adu-</span> 
     </span>
     <span class='ocr_line' id='line_1_11' title="bbox 149 1629 1864 1733; baseline 0.002 -28"><span class='ocrx_word' id='word_1_46' title='bbox 149 1667 179 1705; x_wconf 83' lang='lat' dir='ltr'>ro</span> <span class='ocrx_word' id='word_1_47' title='bbox 200 1655 290 1726; x_wconf 85' lang='lat' dir='ltr'>nate,</span> <span class='ocrx_word' id='word_1_48' title='bbox 311 1654 347 1710; x_wconf 92' lang='lat' dir='ltr'>ut</span> <span class='ocrx_word' id='word_1_49' title='bbox 368 1647 395 1710; x_wconf 85' lang='lat' dir='ltr'>si</span> <span class='ocrx_word' id='word_1_50' title='bbox 416 1646 487 1733; x_wconf 90' lang='lat' dir='ltr'>quis</span> <span class='ocrx_word' id='word_1_51' title='bbox 505 1645 587 1710; x_wconf 90' lang='lat' dir='ltr'>liber</span> <span class='ocrx_word' id='word_1_52' title='bbox 674 1644 701 1706; x_wconf 95' lang='lat'>1.</span> <span class='ocrx_word' id='word_1_53' title='bbox 729 1641 803 1722; x_wconf 68' lang='grc'><strong>1111,</strong></span> <span class='ocrx_word' id='word_1_54' title='bbox 830 1643 855 1704; x_wconf 90' lang='lat' dir='ltr'>si</span> <span class='ocrx_word' id='word_1_55' title='bbox 879 1641 951 1727; x_wconf 88' lang='lat' dir='ltr'>quis</span> <span class='ocrx_word' id='word_1_56' title='bbox 973 1637 1008 1702; x_wconf 93' lang='lat' dir='ltr'>li·</span> <span class='ocrx_word' id='word_1_57' title='bbox 1141 1629 1178 1705; x_wconf 67' lang='lat'>1.&#39;</span> <span class='ocrx_word' id='word_1_58' title='bbox 1206 1641 1241 1705; x_wconf 84' lang='lat' dir='ltr'>Si</span> <span class='ocrx_word' id='word_1_59' title='bbox 1269 1640 1340 1726; x_wconf 88' lang='lat' dir='ltr'>quis</span> <span class='ocrx_word' id='word_1_60' title='bbox 1370 1639 1471 1704; x_wconf 69' lang='lat' dir='ltr'>libers</span> <span class='ocrx_word' id='word_1_61' title='bbox 1498 1661 1551 1706; x_wconf 87' lang='lat' dir='ltr'>res</span> <span class='ocrx_word' id='word_1_62' title='bbox 1580 1665 1653 1707; x_wconf 88' lang='lat' dir='ltr'>suas</span> <span class='ocrx_word' id='word_1_63' title='bbox 1682 1642 1730 1708; x_wconf 91' lang='lat' dir='ltr'>vel</span> <span class='ocrx_word' id='word_1_64' title='bbox 1762 1654 1864 1710; x_wconf 87' lang='lat' dir='ltr'>semet</span> 
     </span>
     <span class='ocr_line' id='line_1_12' title="bbox 200 1741 1895 1836; baseline 0 -25"><span class='ocrx_word' id='word_1_65' title='bbox 200 1771 253 1812; x_wconf 88' lang='lat' dir='ltr'>res</span> <span class='ocrx_word' id='word_1_66' title='bbox 277 1759 477 1826; x_wconf 85' lang='lat' dir='ltr'>suassemct</span> <span class='ocrx_word' id='word_1_67' title='bbox 497 1751 586 1836; x_wconf 57' lang='lat' dir='ltr'>ipso&amp;</span> <span class='ocrx_word' id='word_1_68' title='bbox 631 1744 688 1812; x_wconf 91' lang='lat' dir='ltr'>ber</span> <span class='ocrx_word' id='word_1_69' title='bbox 714 1768 765 1810; x_wconf 87' lang='lat' dir='ltr'>res</span> <span class='ocrx_word' id='word_1_70' title='bbox 794 1766 868 1808; x_wconf 88' lang='lat' dir='ltr'>suas</span> <span class='ocrx_word' id='word_1_71' title='bbox 891 1742 943 1808; x_wconf 90' lang='lat' dir='ltr'>vel</span> <span class='ocrx_word' id='word_1_72' title='bbox 965 1765 1012 1807; x_wconf 88' lang='lat' dir='ltr'>sc·</span> <span class='ocrx_word' id='word_1_73' title='bbox 1055 1745 1185 1830; x_wconf 68' lang='lat' dir='ltr'>ipsumt</span> <span class='ocrx_word' id='word_1_74' title='bbox 1225 1742 1265 1807; x_wconf 88' lang='lat' dir='ltr'>ad</span> <span class='ocrx_word' id='word_1_75' title='bbox 1305 1741 1497 1809; x_wconf 69' lang='lat' dir='ltr'>&lt;aeclesiaml</span> <span class='ocrx_word' id='word_1_76' title='bbox 1534 1747 1678 1811; x_wconf 81' lang='lat' dir='ltr'>traderei</span> <span class='ocrx_word' id='word_1_77' title='bbox 1716 1747 1895 1829; x_wconf 65' lang='lat' dir='ltr'>volueritn</span> 
     </span>
     <span class='ocr_line' id='line_1_13' title="bbox 199 1846 1861 1936; baseline -0.001 -20"><span class='ocrx_word' id='word_1_78' title='bbox 199 1851 242 1916; x_wconf 88' lang='lat' dir='ltr'>ad</span> <span class='ocrx_word' id='word_1_79' title='bbox 277 1851 433 1920; x_wconf 86' lang='lat' dir='ltr'>eclesiam¹</span> <span class='ocrx_word' id='word_1_80' title='bbox 460 1853 585 1918; x_wconf 84' lang='lat' dir='ltr'>tradere</span> <span class='ocrx_word' id='word_1_81' title='bbox 629 1859 694 1913; x_wconf 86' lang='lat' dir='ltr'>met</span> <span class='ocrx_word' id='word_1_82' title='bbox 727 1849 855 1934; x_wconf 78' lang='lat' dir='ltr'>ipsuml</span> <span class='ocrx_word' id='word_1_83' title='bbox 888 1847 928 1911; x_wconf 89' lang='lat' dir='ltr'>ad</span> <span class='ocrx_word' id='word_1_84' title='bbox 962 1868 1011 1911; x_wconf 89' lang='lat' dir='ltr'>ec·</span> <span class='ocrx_word' id='word_1_85' title='bbox 1055 1846 1181 1911; x_wconf 79' lang='lat' dir='ltr'>nullusl</span> <span class='ocrx_word' id='word_1_86' title='bbox 1202 1846 1321 1912; x_wconf 86' lang='lat' dir='ltr'>habeat</span> <span class='ocrx_word' id='word_1_87' title='bbox 1346 1846 1526 1912; x_wconf 88' lang='lat' dir='ltr'>licentiam¹</span> <span class='ocrx_word' id='word_1_88' title='bbox 1552 1849 1771 1916; x_wconf 81' lang='lat' dir='ltr'>contradicere</span> <span class='ocrx_word' id='word_1_89' title='bbox 1793 1851 1861 1936; x_wconf 68' lang='lat' dir='ltr'>eim,</span> 
     </span>
     <span class='ocr_line' id='line_1_14' title="bbox 199 1949 1862 2042; baseline -0.001 -22"><span class='ocrx_word' id='word_1_90' title='bbox 199 1955 368 2042; x_wconf 75' lang='lat' dir='ltr'>voluer-iu,</span> <span class='ocrx_word' id='word_1_91' title='bbox 396 1955 502 2022; x_wconf 90' lang='lat' dir='ltr'>nullus</span> <span class='ocrx_word' id='word_1_92' title='bbox 533 1955 585 2020; x_wconf 87' lang='lat' dir='ltr'>ha·</span> <span class='ocrx_word' id='word_1_93' title='bbox 629 1951 760 2017; x_wconf 88' lang='lat' dir='ltr'>clesiam</span> <span class='ocrx_word' id='word_1_94' title='bbox 796 1950 922 2015; x_wconf 84' lang='lat' dir='ltr'>tradere</span> <span class='ocrx_word' id='word_1_95' title='bbox 960 1971 1012 2014; x_wconf 92' lang='lat' dir='ltr'>ve·</span> <span class='ocrx_word' id='word_1_96' title='bbox 1055 1973 1119 2014; x_wconf 91' lang='lat' dir='ltr'>non</span> <span class='ocrx_word' id='word_1_97' title='bbox 1141 1949 1218 2032; x_wconf 85' lang='lat' dir='ltr'>dux,</span> <span class='ocrx_word' id='word_1_98' title='bbox 1242 1973 1306 2015; x_wconf 90' lang='lat' dir='ltr'>nen</span> <span class='ocrx_word' id='word_1_99' title='bbox 1329 1972 1437 2016; x_wconf 88' lang='lat' dir='ltr'>eomes</span> <span class='ocrx_word' id='word_1_100' title='bbox 1460 1972 1519 2015; x_wconf 87' lang='lat' dir='ltr'>nec</span> <span class='ocrx_word' id='word_1_101' title='bbox 1541 1951 1605 2016; x_wconf 88' lang='lat' dir='ltr'>ulla</span> <span class='ocrx_word' id='word_1_102' title='bbox 1627 1953 1780 2040; x_wconf 88' lang='lat' dir='ltr'>persona,</span> <span class='ocrx_word' id='word_1_103' title='bbox 1806 1954 1862 2020; x_wconf 89' lang='lat' dir='ltr'>sed</span> 
     </span>
     <span class='ocr_line' id='line_1_15' title="bbox 201 2053 1013 2139; baseline -0.009 -14"><span class='ocrx_word' id='word_1_104' title='bbox 201 2061 272 2125; x_wconf 84' lang='lat' dir='ltr'>biat</span> <span class='ocrx_word' id='word_1_105' title='bbox 307 2058 473 2125; x_wconf 82' lang='lat' dir='ltr'>licenciam</span> <span class='ocrx_word' id='word_1_106' title='bbox 513 2082 585 2123; x_wconf 90' lang='lat' dir='ltr'>eon·</span> <span class='ocrx_word' id='word_1_107' title='bbox 628 2056 733 2139; x_wconf 90' lang='lat' dir='ltr'>luerit,</span> <span class='ocrx_word' id='word_1_108' title='bbox 762 2053 869 2119; x_wconf 87' lang='lat' dir='ltr'>nullas</span> <span class='ocrx_word' id='word_1_109' title='bbox 895 2054 1013 2118; x_wconf 87' lang='lat' dir='ltr'>habeat</span> 
     </span>
     <span class='ocr_line' id='line_1_16' title="bbox 152 2157 1011 2246; baseline -0.007 -19"><span class='ocrx_word' id='word_1_110' title='bbox 152 2189 179 2228; x_wconf 81' lang='lat' dir='ltr'>rs</span> <span class='ocrx_word' id='word_1_111' title='bbox 200 2163 415 2229; x_wconf 86' lang='lat' dir='ltr'>tradicentem</span> <span class='ocrx_word' id='word_1_112' title='bbox 446 2165 492 2246; x_wconf 91' lang='lat' dir='ltr'>ei,</span> <span class='ocrx_word' id='word_1_113' title='bbox 521 2185 585 2227; x_wconf 90' lang='lat' dir='ltr'>non</span> <span class='ocrx_word' id='word_1_114' title='bbox 628 2159 790 2225; x_wconf 87' lang='lat' dir='ltr'>licentiam</span> <span class='ocrx_word' id='word_1_115' title='bbox 854 2157 1011 2222; x_wconf 88' lang='lat' dir='ltr'>centradi-</span> 
     </span>
     <span class='ocr_line' id='line_1_17' title="bbox 200 2261 1010 2350; baseline -0.009 -19"><span class='ocrx_word' id='word_1_116' title='bbox 200 2267 282 2350; x_wconf 86' lang='lat' dir='ltr'>dux,</span> <span class='ocrx_word' id='word_1_117' title='bbox 312 2291 376 2332; x_wconf 91' lang='lat' dir='ltr'>non</span> <span class='ocrx_word' id='word_1_118' title='bbox 402 2268 504 2331; x_wconf 89' lang='lat' dir='ltr'>comis</span> <span class='ocrx_word' id='word_1_119' title='bbox 526 2289 586 2330; x_wconf 87' lang='lat' dir='ltr'>nee</span> <span class='ocrx_word' id='word_1_120' title='bbox 629 2265 719 2328; x_wconf 88' lang='lat' dir='ltr'>cere¹</span> <span class='ocrx_word' id='word_1_121' title='bbox 755 2264 801 2344; x_wconf 88' lang='lat' dir='ltr'>ci,</span> <span class='ocrx_word' id='word_1_122' title='bbox 836 2284 900 2327; x_wconf 91' lang='lat' dir='ltr'>non</span> <span class='ocrx_word' id='word_1_123' title='bbox 934 2261 1010 2341; x_wconf 87' lang='lat' dir='ltr'>dux,</span> 
     </span>
     <span class='ocr_line' id='line_1_18' title="bbox 200 2364 1011 2458; baseline -0.007 -23"><span class='ocrx_word' id='word_1_124' title='bbox 200 2371 290 2437; x_wconf 89' lang='lat' dir='ltr'>nulla</span> <span class='ocrx_word' id='word_1_125' title='bbox 329 2393 482 2458; x_wconf 87' lang='lat' dir='ltr'>persona,</span> <span class='ocrx_word' id='word_1_126' title='bbox 529 2369 585 2435; x_wconf 88' lang='lat' dir='ltr'>sed</span> <span class='ocrx_word' id='word_1_127' title='bbox 629 2389 693 2432; x_wconf 89' lang='lat' dir='ltr'>non</span> <span class='ocrx_word' id='word_1_128' title='bbox 706 2379 843 2432; x_wconf 74' lang='lat' dir='ltr'>censes11¹</span> <span class='ocrx_word' id='word_1_129' title='bbox 860 2364 1011 2430; x_wconf 71' lang='lat' dir='ltr'>neeulla¹²</span> 
     </span>
    </p>
   </div>
   <div class='ocr_carea' id='block_1_5' title="bbox 287 2580 1012 2860">
    <p class='ocr_par' dir='ltr' id='par_1_5' title="bbox 287 2580 1012 2860">
     <span class='ocr_line' id='line_1_19' title="bbox 287 2580 1012 2656; baseline -0.006 -18"><span class='ocrx_word' id='word_1_130' title='bbox 287 2584 468 2656; x_wconf 85' lang='lat' dir='ltr'>principibus</span> <span class='ocrx_word' id='word_1_131' title='bbox 499 2584 567 2653; x_wconf 87' lang='lat' dir='ltr'>suis,</span> <span class='ocrx_word' id='word_1_132' title='bbox 598 2584 626 2637; x_wconf 93' lang='lat' dir='ltr'>id</span> <span class='ocrx_word' id='word_1_133' title='bbox 656 2589 722 2636; x_wconf 85' lang='lat' dir='ltr'>sunt</span> <span class='ocrx_word' id='word_1_134' title='bbox 753 2583 790 2636; x_wconf 88' lang='lat'>33</span> <span class='ocrx_word' id='word_1_135' title='bbox 823 2580 953 2652; x_wconf 82' lang='lat' dir='ltr'>episcopi</span> <span class='ocrx_word' id='word_1_136' title='bbox 982 2587 1012 2635; x_wconf 87' lang='lat' dir='ltr'>et</span> 
     </span>
     <span class='ocr_line' id='line_1_20' title="bbox 289 2686 1009 2756; baseline -0.001 -15"><span class='ocrx_word' id='word_1_137' title='bbox 289 2688 328 2741; x_wconf 83' lang='lat'>34</span> <span class='ocrx_word' id='word_1_138' title='bbox 349 2688 437 2742; x_wconf 88' lang='lat' dir='ltr'>duces</span> <span class='ocrx_word' id='word_1_139' title='bbox 460 2693 489 2742; x_wconf 90' lang='lat' dir='ltr'>et</span> <span class='ocrx_word' id='word_1_140' title='bbox 515 2689 551 2742; x_wconf 76' lang='grc'>72</span> <span class='ocrx_word' id='word_1_141' title='bbox 568 2687 697 2755; x_wconf 85' lang='lat' dir='ltr'>comites,</span> <span class='ocrx_word' id='word_1_142' title='bbox 721 2686 767 2740; x_wconf 87' lang='lat' dir='ltr'>val</span> <span class='ocrx_word' id='word_1_143' title='bbox 785 2691 881 2740; x_wconf 87' lang='lat' dir='ltr'>cetero</span> <span class='ocrx_word' id='word_1_144' title='bbox 899 2686 1009 2756; x_wconf 90' lang='lat' dir='ltr'>populo</span> 
     </span>
     <span class='ocr_line' id='line_1_21' title="bbox 288 2791 640 2860; baseline -0.003 -16"><span class='ocrx_word' id='word_1_145' title='bbox 288 2791 462 2860; x_wconf 88' lang='lat' dir='ltr'>coadunato,</span> <span class='ocrx_word' id='word_1_146' title='bbox 487 2791 566 2844; x_wconf 89' lang='lat' dir='ltr'>edita</span> <span class='ocrx_word' id='word_1_147' title='bbox 588 2795 640 2844; x_wconf 87' lang='lat' dir='ltr'>cst.</span> 
     </span>
    </p>
   </div>
   <div class='ocr_carea' id='block_1_6' title="bbox 332 2891 1010 2964">
    <p class='ocr_par' dir='ltr' id='par_1_6' title="bbox 332 2891 1010 2964">
     <span class='ocr_line' id='line_1_22' title="bbox 332 2891 1010 2964; baseline -0.006 -16"><span class='ocrx_word' id='word_1_148' title='bbox 332 2897 365 2948; x_wconf 88' lang='lat'>8:</span> <span class='ocrx_word' id='word_1_149' title='bbox 393 2896 427 2948; x_wconf 92' lang='lat' dir='ltr'>In</span> <span class='ocrx_word' id='word_1_150' title='bbox 449 2892 565 2948; x_wconf 88' lang='lat' dir='ltr'>nomine</span> <span class='ocrx_word' id='word_1_151' title='bbox 581 2891 698 2948; x_wconf 83' lang='lat' dir='ltr'>Domini</span> <span class='ocrx_word' id='word_1_152' title='bbox 721 2892 824 2962; x_wconf 86' lang='lat' dir='ltr'>incipit</span> <span class='ocrx_word' id='word_1_153' title='bbox 846 2893 891 2946; x_wconf 86' lang='lat' dir='ltr'>lex</span> <span class='ocrx_word' id='word_1_154' title='bbox 915 2892 1010 2964; x_wconf 80' lang='lat' dir='ltr'>gentis</span> 
     </span>
    </p>
   </div>
   <div class='ocr_carea' id='block_1_7' title="bbox 283 2995 1011 5138">
    <p class='ocr_par' dir='ltr' id='par_1_7' title="bbox 287 2995 1011 3379">
     <span class='ocr_line' id='line_1_23' title="bbox 287 2995 1009 3067; baseline -0.003 -17"><span class='ocrx_word' id='word_1_155' title='bbox 287 2997 523 3066; x_wconf 83' lang='lat' dir='ltr'>Alamannorum,</span> <span class='ocrx_word' id='word_1_156' title='bbox 545 2997 678 3050; x_wconf 88' lang='lat' dir='ltr'>instituta</span> <span class='ocrx_word' id='word_1_157' title='bbox 700 2996 881 3067; x_wconf 82' lang='lat' dir='ltr'>temporibus</span> <span class='ocrx_word' id='word_1_158' title='bbox 901 2995 1009 3052; x_wconf 89' lang='lat' dir='ltr'>domiui</span> 
     </span>
     <span class='ocr_line' id='line_1_24' title="bbox 287 3098 1008 3172; baseline -0.003 -18"><span class='ocrx_word' id='word_1_159' title='bbox 287 3100 431 3155; x_wconf 87' lang='lat' dir='ltr'>Hletharii</span> <span class='ocrx_word' id='word_1_160' title='bbox 457 3101 589 3155; x_wconf 82' lang='lat' dir='ltr'>ortodoxi</span> <span class='ocrx_word' id='word_1_161' title='bbox 612 3099 689 3172; x_wconf 80' lang='lat' dir='ltr'>regis</span> <span class='ocrx_word' id='word_1_162' title='bbox 712 3119 770 3154; x_wconf 91' lang='lat' dir='ltr'>una</span> <span class='ocrx_word' id='word_1_163' title='bbox 793 3117 856 3153; x_wconf 90' lang='lat' dir='ltr'>enm</span> <span class='ocrx_word' id='word_1_164' title='bbox 879 3098 1008 3153; x_wconf 83' lang='lat' dir='ltr'>christia-</span> 
     </span>
     <span class='ocr_line' id='line_1_25' title="bbox 287 3203 1011 3275; baseline -0.003 -17"><span class='ocrx_word' id='word_1_165' title='bbox 287 3204 412 3258; x_wconf 88' lang='lat' dir='ltr'>nissimis</span> <span class='ocrx_word' id='word_1_166' title='bbox 435 3205 494 3258; x_wconf 89' lang='lat' dir='ltr'>suis</span> <span class='ocrx_word' id='word_1_167' title='bbox 518 3206 556 3258; x_wconf 89' lang='lat'>33</span> <span class='ocrx_word' id='word_1_168' title='bbox 581 3203 726 3275; x_wconf 85' lang='lat' dir='ltr'>episcopis</span> <span class='ocrx_word' id='word_1_169' title='bbox 757 3209 786 3256; x_wconf 88' lang='lat' dir='ltr'>ct</span> <span class='ocrx_word' id='word_1_170' title='bbox 808 3205 846 3256; x_wconf 90' lang='lat'>33</span> <span class='ocrx_word' id='word_1_171' title='bbox 871 3203 958 3258; x_wconf 89' lang='lat' dir='ltr'>duces</span> <span class='ocrx_word' id='word_1_172' title='bbox 982 3209 1011 3256; x_wconf 87' lang='lat' dir='ltr'>et</span> 
     </span>
     <span class='ocr_line' id='line_1_26' title="bbox 289 3307 786 3379; baseline -0.002 -18"><span class='ocrx_word' id='word_1_173' title='bbox 289 3309 326 3361; x_wconf 77' lang='lat'>72</span> <span class='ocrx_word' id='word_1_174' title='bbox 351 3307 470 3362; x_wconf 84' lang='lat' dir='ltr'>comites</span> <span class='ocrx_word' id='word_1_175' title='bbox 494 3315 523 3362; x_wconf 89' lang='lat' dir='ltr'>ct</span> <span class='ocrx_word' id='word_1_176' title='bbox 546 3314 643 3362; x_wconf 83' lang='lat' dir='ltr'>cetero</span> <span class='ocrx_word' id='word_1_177' title='bbox 666 3308 786 3379; x_wconf 87' lang='lat' dir='ltr'>populo.</span> 
     </span>
    </p>

    <p class='ocr_par' dir='ltr' id='par_1_8' title="bbox 286 3408 1008 3794">
     <span class='ocr_line' id='line_1_27' title="bbox 331 3408 1008 3482; baseline -0.006 -16"><span class='ocrx_word' id='word_1_178' title='bbox 331 3416 362 3466; x_wconf 82' lang='lat'>9:</span> <span class='ocrx_word' id='word_1_179' title='bbox 394 3411 501 3482; x_wconf 84' lang='lat' dir='ltr'>Incipit</span> <span class='ocrx_word' id='word_1_180' title='bbox 524 3411 569 3465; x_wconf 80' lang='lat' dir='ltr'>lox</span> <span class='ocrx_word' id='word_1_181' title='bbox 593 3411 829 3478; x_wconf 85' lang='lat' dir='ltr'>Alamannorum,</span> <span class='ocrx_word' id='word_1_182' title='bbox 861 3408 909 3480; x_wconf 90' lang='lat' dir='ltr'>qni</span> <span class='ocrx_word' id='word_1_183' title='bbox 939 3416 1008 3463; x_wconf 88' lang='lat' dir='ltr'>tem·</span> 
     </span>
     <span class='ocr_line' id='line_1_28' title="bbox 286 3512 1008 3588; baseline -0.004 -19"><span class='ocrx_word' id='word_1_184' title='bbox 286 3517 406 3588; x_wconf 87' lang='lat' dir='ltr'>peribus</span> <span class='ocrx_word' id='word_1_185' title='bbox 429 3514 578 3569; x_wconf 86' lang='lat' dir='ltr'>Lodhanri</span> <span class='ocrx_word' id='word_1_186' title='bbox 607 3533 675 3586; x_wconf 78' lang='lat' dir='ltr'>rege</span> <span class='ocrx_word' id='word_1_187' title='bbox 703 3532 762 3568; x_wconf 90' lang='lat' dir='ltr'>una</span> <span class='ocrx_word' id='word_1_188' title='bbox 786 3531 848 3566; x_wconf 91' lang='lat' dir='ltr'>cum</span> <span class='ocrx_word' id='word_1_189' title='bbox 871 3512 1008 3583; x_wconf 84' lang='lat' dir='ltr'>principi·</span> 
     </span>
     <span class='ocr_line' id='line_1_29' title="bbox 287 3616 1008 3690; baseline -0.004 -19"><span class='ocrx_word' id='word_1_190' title='bbox 287 3620 340 3672; x_wconf 72' lang='lat' dir='ltr'>lius</span> <span class='ocrx_word' id='word_1_191' title='bbox 363 3619 432 3688; x_wconf 85' lang='lat' dir='ltr'>suis,</span> <span class='ocrx_word' id='word_1_192' title='bbox 455 3619 485 3671; x_wconf 81' lang='lat' dir='ltr'>irl</span> <span class='ocrx_word' id='word_1_193' title='bbox 508 3625 574 3672; x_wconf 87' lang='lat' dir='ltr'>sunt</span> <span class='ocrx_word' id='word_1_194' title='bbox 598 3620 635 3672; x_wconf 90' lang='lat'>33</span> <span class='ocrx_word' id='word_1_195' title='bbox 660 3616 790 3690; x_wconf 78' lang='lat' dir='ltr'>episcopi</span> <span class='ocrx_word' id='word_1_196' title='bbox 814 3622 843 3670; x_wconf 91' lang='lat' dir='ltr'>et</span> <span class='ocrx_word' id='word_1_197' title='bbox 865 3616 1008 3670; x_wconf 73' lang='lat' dir='ltr'>araneos</span> 
     </span>
     <span class='ocr_line' id='line_1_30' title="bbox 286 3720 881 3794; baseline -0.007 -17"><span class='ocrx_word' id='word_1_198' title='bbox 286 3728 316 3778; x_wconf 89' lang='lat' dir='ltr'>ct</span> <span class='ocrx_word' id='word_1_199' title='bbox 339 3724 376 3776; x_wconf 72' lang='grc'>73</span> <span class='ocrx_word' id='word_1_200' title='bbox 400 3722 530 3790; x_wconf 86' lang='lat' dir='ltr'>comites,</span> <span class='ocrx_word' id='word_1_201' title='bbox 552 3723 599 3776; x_wconf 85' lang='lat' dir='ltr'>vel</span> <span class='ocrx_word' id='word_1_202' title='bbox 622 3720 738 3794; x_wconf 85' lang='lat' dir='ltr'>ce[t-e]ro</span> <span class='ocrx_word' id='word_1_203' title='bbox 761 3721 881 3792; x_wconf 91' lang='lat' dir='ltr'>populo.</span> 
     </span>
    </p>

    <p class='ocr_par' dir='ltr' id='par_1_9' title="bbox 285 3825 1007 4294">
     <span class='ocr_line' id='line_1_31' title="bbox 332 3825 1006 3895; baseline -0.006 -15"><span class='ocrx_word' id='word_1_204' title='bbox 332 3828 383 3880; x_wconf 88' lang='lat'>10:</span> <span class='ocrx_word' id='word_1_205' title='bbox 416 3825 522 3895; x_wconf 85' lang='lat' dir='ltr'>Incipit</span> <span class='ocrx_word' id='word_1_206' title='bbox 542 3826 590 3878; x_wconf 82' lang='lat' dir='ltr'>lex</span> <span class='ocrx_word' id='word_1_207' title='bbox 612 3825 827 3892; x_wconf 79' lang='lat' dir='ltr'>Alamauorum,</span> <span class='ocrx_word' id='word_1_208' title='bbox 859 3841 914 3895; x_wconf 85' lang='lat' dir='ltr'>qne</span> <span class='ocrx_word' id='word_1_209' title='bbox 936 3829 1006 3877; x_wconf 84' lang='lat' dir='ltr'>tern-</span> 
     </span>
     <span class='ocr_line' id='line_1_32' title="bbox 286 3927 1007 4000; baseline -0.003 -18"><span class='ocrx_word' id='word_1_210' title='bbox 286 3929 406 4000; x_wconf 89' lang='lat' dir='ltr'>poribus</span> <span class='ocrx_word' id='word_1_211' title='bbox 429 3928 588 3983; x_wconf 81' lang='lat' dir='ltr'>Clrlotlrarii</span> <span class='ocrx_word' id='word_1_212' title='bbox 618 3928 714 3983; x_wconf 89' lang='lat' dir='ltr'>domni</span> <span class='ocrx_word' id='word_1_213' title='bbox 737 3927 814 4000; x_wconf 81' lang='lat' dir='ltr'>regis</span> <span class='ocrx_word' id='word_1_214' title='bbox 838 3927 1007 3982; x_wconf 86' lang='lat' dir='ltr'>consttituta</span> 
     </span>
     <span class='ocr_line' id='line_1_33' title="bbox 286 4031 1006 4103; baseline -0.004 -17"><span class='ocrx_word' id='word_1_215' title='bbox 286 4038 337 4101; x_wconf 88' lang='lat' dir='ltr'>est,</span> <span class='ocrx_word' id='word_1_216' title='bbox 368 4032 419 4086; x_wconf 88' lang='lat' dir='ltr'>ubi</span> <span class='ocrx_word' id='word_1_217' title='bbox 447 4033 564 4087; x_wconf 83' lang='lat' dir='ltr'>fuerunt</span> <span class='ocrx_word' id='word_1_218' title='bbox 589 4033 627 4087; x_wconf 89' lang='lat'><strong>30</strong></span> <span class='ocrx_word' id='word_1_219' title='bbox 651 4031 781 4103; x_wconf 82' lang='lat' dir='ltr'>episcopi</span> <span class='ocrx_word' id='word_1_220' title='bbox 805 4036 834 4085; x_wconf 91' lang='lat' dir='ltr'>et</span> <span class='ocrx_word' id='word_1_221' title='bbox 856 4031 894 4084; x_wconf 86' lang='lat'><strong>33</strong></span> <span class='ocrx_word' id='word_1_222' title='bbox 919 4031 1006 4084; x_wconf 87' lang='lat' dir='ltr'>duces</span> 
     </span>
     <span class='ocr_line' id='line_1_34' title="bbox 286 4133 1005 4206; baseline -0.006 -16"><span class='ocrx_word' id='word_1_223' title='bbox 286 4143 315 4190; x_wconf 84' lang='lat' dir='ltr'>et</span> <span class='ocrx_word' id='word_1_224' title='bbox 338 4137 374 4190; x_wconf 88' lang='grc'>77</span> <span class='ocrx_word' id='word_1_225' title='bbox 400 4135 520 4190; x_wconf 88' lang='lat' dir='ltr'>comites</span> <span class='ocrx_word' id='word_1_226' title='bbox 551 4142 580 4190; x_wconf 91' lang='lat' dir='ltr'>et</span> <span class='ocrx_word' id='word_1_227' title='bbox 609 4142 722 4191; x_wconf 84' lang='lat' dir='ltr'>ceteras</span> <span class='ocrx_word' id='word_1_228' title='bbox 744 4135 880 4206; x_wconf 91' lang='lat' dir='ltr'>populus,</span> <span class='ocrx_word' id='word_1_229' title='bbox 911 4133 1005 4187; x_wconf 85' lang='lat' dir='ltr'>multi·</span> 
     </span>
     <span class='ocr_line' id='line_1_35' title="bbox 285 4240 531 4294; baseline -0.004 -1"><span class='ocrx_word' id='word_1_230' title='bbox 285 4240 355 4294; x_wconf 88' lang='lat' dir='ltr'>tudo</span> <span class='ocrx_word' id='word_1_231' title='bbox 380 4241 531 4294; x_wconf 87' lang='lat' dir='ltr'>adunatus.</span> 
     </span>
    </p>

    <p class='ocr_par' dir='ltr' id='par_1_10' title="bbox 284 4341 1006 4708">
     <span class='ocr_line' id='line_1_36' title="bbox 330 4341 1004 4412; baseline -0.003 -16"><span class='ocrx_word' id='word_1_232' title='bbox 330 4345 379 4396; x_wconf 90' lang='lat'>11:</span> <span class='ocrx_word' id='word_1_233' title='bbox 407 4342 514 4412; x_wconf 89' lang='lat' dir='ltr'>Incipit</span> <span class='ocrx_word' id='word_1_234' title='bbox 535 4343 582 4396; x_wconf 80' lang='lat' dir='ltr'>lex</span> <span class='ocrx_word' id='word_1_235' title='bbox 604 4341 838 4410; x_wconf 81' lang='lat' dir='ltr'>Alamannorum,</span> <span class='ocrx_word' id='word_1_236' title='bbox 863 4341 912 4412; x_wconf 86' lang='lat' dir='ltr'>qui</span> <span class='ocrx_word' id='word_1_237' title='bbox 934 4347 1004 4394; x_wconf 85' lang='lat' dir='ltr'>tem-</span> 
     </span>
     <span class='ocr_line' id='line_1_37' title="bbox 285 4444 1006 4517; baseline -0.004 -17"><span class='ocrx_word' id='word_1_238' title='bbox 285 4446 405 4516; x_wconf 89' lang='lat' dir='ltr'>poribus</span> <span class='ocrx_word' id='word_1_239' title='bbox 427 4444 581 4500; x_wconf 82' lang='lat' dir='ltr'>illothario</span> <span class='ocrx_word' id='word_1_240' title='bbox 606 4463 675 4517; x_wconf 78' lang='lat' dir='ltr'>rege</span> <span class='ocrx_word' id='word_1_241' title='bbox 698 4445 806 4516; x_wconf 87' lang='lat' dir='ltr'>scripta</span> <span class='ocrx_word' id='word_1_242' title='bbox 828 4447 874 4500; x_wconf 87' lang='lat' dir='ltr'>vel</span> <span class='ocrx_word' id='word_1_243' title='bbox 897 4445 1006 4498; x_wconf 86' lang='lat' dir='ltr'>dictata</span> 
     </span>
     <span class='ocr_line' id='line_1_38' title="bbox 284 4548 1006 4620; baseline -0.001 -18"><span class='ocrx_word' id='word_1_244' title='bbox 284 4549 347 4617; x_wconf 85' lang='lat' dir='ltr'>suit,</span> <span class='ocrx_word' id='word_1_245' title='bbox 373 4549 423 4603; x_wconf 92' lang='lat' dir='ltr'>ubi</span> <span class='ocrx_word' id='word_1_246' title='bbox 445 4549 563 4604; x_wconf 84' lang='lat' dir='ltr'>fuerunt</span> <span class='ocrx_word' id='word_1_247' title='bbox 586 4549 623 4604; x_wconf 90' lang='lat'>33</span> <span class='ocrx_word' id='word_1_248' title='bbox 648 4548 778 4620; x_wconf 87' lang='lat' dir='ltr'>episcopi</span> <span class='ocrx_word' id='word_1_249' title='bbox 802 4549 841 4603; x_wconf 82' lang='lat'>34</span> <span class='ocrx_word' id='word_1_250' title='bbox 865 4550 953 4603; x_wconf 71' lang='lat' dir='ltr'>(luces</span> <span class='ocrx_word' id='word_1_251' title='bbox 977 4555 1006 4602; x_wconf 88' lang='lat' dir='ltr'>et</span> 
     </span>
     <span class='ocr_line' id='line_1_39' title="bbox 287 4625 871 4708; baseline -0.002 -2"><span class='ocrx_word' id='word_1_252' title='bbox 287 4654 324 4706; x_wconf 77' lang='grc'>72</span> <span class='ocrx_word' id='word_1_253' title='bbox 348 4653 477 4708; x_wconf 90' lang='lat' dir='ltr'>comites.</span> <span class='ocrx_word' id='word_1_254' title='bbox 869 4625 871 4630; x_wconf 28' lang='grc' dir='ltr'>Ι</span> 
     </span>
    </p>

    <p class='ocr_par' dir='ltr' id='par_1_11' title="bbox 283 4754 1005 5138">
     <span class='ocr_line' id='line_1_40' title="bbox 328 4754 1004 4828; baseline -0.003 -18"><span class='ocrx_word' id='word_1_255' title='bbox 328 4757 380 4810; x_wconf 81' lang='lat'>12:</span> <span class='ocrx_word' id='word_1_256' title='bbox 407 4755 514 4826; x_wconf 87' lang='lat' dir='ltr'>Incipit</span> <span class='ocrx_word' id='word_1_257' title='bbox 536 4756 583 4811; x_wconf 82' lang='lat' dir='ltr'>lex</span> <span class='ocrx_word' id='word_1_258' title='bbox 604 4754 839 4825; x_wconf 88' lang='lat' dir='ltr'>Alamannorum,</span> <span class='ocrx_word' id='word_1_259' title='bbox 864 4755 913 4828; x_wconf 90' lang='lat' dir='ltr'>qui</span> <span class='ocrx_word' id='word_1_260' title='bbox 934 4761 1004 4810; x_wconf 89' lang='lat' dir='ltr'>tem-</span> 
     </span>
     <span class='ocr_line' id='line_1_41' title="bbox 283 4858 1004 4931; baseline -0.001 -18"><span class='ocrx_word' id='word_1_261' title='bbox 283 4859 404 4930; x_wconf 86' lang='lat' dir='ltr'>poribus</span> <span class='ocrx_word' id='word_1_262' title='bbox 427 4858 575 4914; x_wconf 86' lang='lat' dir='ltr'>Chlotario</span> <span class='ocrx_word' id='word_1_263' title='bbox 605 4877 674 4931; x_wconf 82' lang='lat' dir='ltr'>rege</span> <span class='ocrx_word' id='word_1_264' title='bbox 705 4878 762 4914; x_wconf 90' lang='lat' dir='ltr'>nna</span> <span class='ocrx_word' id='word_1_265' title='bbox 792 4878 855 4914; x_wconf 92' lang='lat' dir='ltr'>cum</span> <span class='ocrx_word' id='word_1_266' title='bbox 878 4858 1004 4930; x_wconf 86' lang='lat' dir='ltr'>proceri·</span> 
     </span>
     <span class='ocr_line' id='line_1_42' title="bbox 284 4963 1005 5034; baseline 0 -18"><span class='ocrx_word' id='word_1_267' title='bbox 284 4963 338 5016; x_wconf 89' lang='lat' dir='ltr'>bus</span> <span class='ocrx_word' id='word_1_268' title='bbox 361 4963 429 5030; x_wconf 88' lang='lat' dir='ltr'>sais,</span> <span class='ocrx_word' id='word_1_269' title='bbox 452 4963 482 5016; x_wconf 94' lang='lat' dir='ltr'>id</span> <span class='ocrx_word' id='word_1_270' title='bbox 505 4968 571 5017; x_wconf 90' lang='lat' dir='ltr'>sunt</span> <span class='ocrx_word' id='word_1_271' title='bbox 594 4964 632 5018; x_wconf 88' lang='lat'>33</span> <span class='ocrx_word' id='word_1_272' title='bbox 657 4963 788 5034; x_wconf 82' lang='lat' dir='ltr'>episcopi</span> <span class='ocrx_word' id='word_1_273' title='bbox 812 4969 840 5017; x_wconf 90' lang='lat' dir='ltr'>ct</span> <span class='ocrx_word' id='word_1_274' title='bbox 862 4964 900 5017; x_wconf 82' lang='lat'><strong>34</strong></span> <span class='ocrx_word' id='word_1_275' title='bbox 918 4963 1005 5018; x_wconf 88' lang='lat' dir='ltr'>duces</span> 
     </span>
     <span class='ocr_line' id='line_1_43' title="bbox 285 5065 1003 5138; baseline 0.001 -19"><span class='ocrx_word' id='word_1_276' title='bbox 285 5071 314 5119; x_wconf 88' lang='lat' dir='ltr'>et</span> <span class='ocrx_word' id='word_1_277' title='bbox 337 5065 374 5119; x_wconf 84' lang='grc'>65</span> <span class='ocrx_word' id='word_1_278' title='bbox 392 5067 520 5135; x_wconf 84' lang='lat' dir='ltr'>comites,</span> <span class='ocrx_word' id='word_1_279' title='bbox 544 5068 589 5120; x_wconf 80' lang='lat' dir='ltr'>vol</span> <span class='ocrx_word' id='word_1_280' title='bbox 614 5075 710 5122; x_wconf 88' lang='lat' dir='ltr'>cetero</span> <span class='ocrx_word' id='word_1_281' title='bbox 733 5067 843 5138; x_wconf 90' lang='lat' dir='ltr'>popule</span> <span class='ocrx_word' id='word_1_282' title='bbox 868 5066 1003 5120; x_wconf 87' lang='lat' dir='ltr'>adunatu.</span> 
     </span>
    </p>
   </div>
   <div class='ocr_carea' id='block_1_8' title="bbox 152 5219 1901 5922">
    <p class='ocr_par' dir='ltr' id='par_1_12' title="bbox 152 5219 1901 5846">
     <span class='ocr_line' id='line_1_44' title="bbox 271 5219 1853 5293; baseline 0.003 -21"><span class='ocrx_word' id='word_1_283' title='bbox 271 5221 294 5273; x_wconf 92' lang='grc' dir='ltr'>Ι.</span> <span class='ocrx_word' id='word_1_284' title='bbox 321 5219 403 5274; x_wconf 75' lang='lat' dir='ltr'>Oodd.</span> <span class='ocrx_word' id='word_1_285' title='bbox 423 5222 560 5276; x_wconf 80' lang='lat' dir='ltr'><strong>A1-12.</strong></span> <span class='ocrx_word' id='word_1_286' title='bbox 600 5225 628 5287; x_wconf 83' lang='lat' dir='ltr'>a)</span> <span class='ocrx_word' id='word_1_287' title='bbox 648 5225 696 5276; x_wconf 78' lang='lat' dir='ltr'>lor</span> <span class='ocrx_word' id='word_1_288' title='bbox 715 5229 795 5290; x_wconf 81' lang='lat' dir='ltr'>caput</span> <span class='ocrx_word' id='word_1_289' title='bbox 814 5229 874 5274; x_wconf 81' lang='lat' dir='ltr'>eale</span> <span class='ocrx_word' id='word_1_290' title='bbox 893 5222 1005 5274; x_wconf 72' lang='lat' dir='ltr'>iadicem</span> <span class='ocrx_word' id='word_1_291' title='bbox 1121 5224 1141 5272; x_wconf 92' lang='lat'>1.</span> <span class='ocrx_word' id='word_1_292' title='bbox 1176 5221 1256 5274; x_wconf 78' lang='lat' dir='ltr'>Oedd.</span> <span class='ocrx_word' id='word_1_293' title='bbox 1276 5223 1303 5273; x_wconf 91' lang='lat' dir='ltr'><em>B</em></span> <span class='ocrx_word' id='word_1_294' title='bbox 1324 5225 1420 5276; x_wconf 82' lang='lat'>1-10.</span> <span class='ocrx_word' id='word_1_295' title='bbox 1444 5225 1558 5278; x_wconf 78' lang='lat'><strong>12-37.</strong></span> <span class='ocrx_word' id='word_1_296' title='bbox 1606 5232 1632 5288; x_wconf 83' lang='lat' dir='ltr'>a)</span> <span class='ocrx_word' id='word_1_297' title='bbox 1652 5227 1751 5293; x_wconf 79' lang='lat' dir='ltr'>Incipit</span> <span class='ocrx_word' id='word_1_298' title='bbox 1770 5228 1803 5278; x_wconf 87' lang='lat' dir='ltr'>de</span> <span class='ocrx_word' id='word_1_299' title='bbox 1825 5229 1853 5290; x_wconf 76' lang='lat'>¹3</span> 
     </span>
     <span class='ocr_line' id='line_1_45' title="bbox 196 5312 1852 5386; baseline 0.005 -22"><span class='ocrx_word' id='word_1_300' title='bbox 196 5312 312 5378; x_wconf 80' lang='lat' dir='ltr'>pesitum</span> <span class='ocrx_word' id='word_1_301' title='bbox 328 5321 365 5366; x_wconf 80' lang='lat' dir='ltr'>eat</span> <span class='ocrx_word' id='word_1_302' title='bbox 384 5315 412 5366; x_wconf 84' lang='lat' dir='ltr'>ia</span> <span class='ocrx_word' id='word_1_303' title='bbox 431 5319 461 5378; x_wconf 89' lang='lat'>1,·</span> <span class='ocrx_word' id='word_1_304' title='bbox 481 5317 569 5368; x_wconf 82' lang='lat' dir='ltr'>eodem</span> <span class='ocrx_word' id='word_1_305' title='bbox 589 5317 723 5369; x_wconf 84' lang='lat' dir='ltr'>moderes</span> <span class='ocrx_word' id='word_1_306' title='bbox 743 5333 770 5367; x_wconf 82' lang='lat' dir='ltr'>re</span> <span class='ocrx_word' id='word_1_307' title='bbox 789 5313 912 5367; x_wconf 75' lang='lat' dir='ltr'>habuisse</span> <span class='ocrx_word' id='word_1_308' title='bbox 931 5314 1005 5367; x_wconf 81' lang='lat' dir='ltr'>aide·</span> <span class='ocrx_word' id='word_1_309' title='bbox 1048 5315 1118 5366; x_wconf 81' lang='lat' dir='ltr'>deest</span> <span class='ocrx_word' id='word_1_310' title='bbox 1137 5315 1246 5367; x_wconf 78' lang='lat' dir='ltr'>rubrica</span> <span class='ocrx_word' id='word_1_311' title='bbox 1268 5316 1308 5368; x_wconf 89' lang='lat'>18.</span> <span class='ocrx_word' id='word_1_312' title='bbox 1327 5319 1369 5367; x_wconf 87' lang='lat'><strong>31.</strong></span> <span class='ocrx_word' id='word_1_313' title='bbox 1423 5318 1451 5381; x_wconf 88' lang='lat' dir='ltr'>b)</span> <span class='ocrx_word' id='word_1_314' title='bbox 1468 5325 1552 5370; x_wconf 82' lang='lat' dir='ltr'>semet</span> <span class='ocrx_word' id='word_1_315' title='bbox 1566 5321 1654 5386; x_wconf 88' lang='lat' dir='ltr'>ipsum</span> <span class='ocrx_word' id='word_1_316' title='bbox 1669 5321 1712 5371; x_wconf 89' lang='lat' dir='ltr'>vel</span> <span class='ocrx_word' id='word_1_317' title='bbox 1728 5320 1791 5371; x_wconf 83' lang='lat' dir='ltr'>odd.</span> <span class='ocrx_word' id='word_1_318' title='bbox 1808 5320 1852 5373; x_wconf 76' lang='lat'>3⁶.</span> 
     </span>
     <span class='ocr_line' id='line_1_46' title="bbox 152 5406 1901 5478; baseline 0.003 -19"><span class='ocrx_word' id='word_1_319' title='bbox 152 5421 180 5459; x_wconf 74' lang='lat'>45</span> <span class='ocrx_word' id='word_1_320' title='bbox 200 5412 244 5456; x_wconf 81' lang='lat' dir='ltr'>tur</span> <span class='ocrx_word' id='word_1_321' title='bbox 267 5406 296 5457; x_wconf 77' lang='lat' dir='ltr'>ia</span> <span class='ocrx_word' id='word_1_322' title='bbox 321 5409 346 5458; x_wconf 83' lang='lat'>2.</span> <span class='ocrx_word' id='word_1_323' title='bbox 434 5409 462 5470; x_wconf 79' lang='grc'>1))</span> <span class='ocrx_word' id='word_1_324' title='bbox 489 5417 553 5461; x_wconf 87' lang='lat' dir='ltr'>natu</span> <span class='ocrx_word' id='word_1_325' title='bbox 579 5413 602 5461; x_wconf 81' lang='lat'>2.</span> <span class='ocrx_word' id='word_1_326' title='bbox 693 5409 719 5474; x_wconf 84' lang='lat' dir='ltr'>e)</span> <span class='ocrx_word' id='word_1_327' title='bbox 745 5409 955 5461; x_wconf 84' lang='lat' dir='ltr'>Alamannorum</span> <span class='ocrx_word' id='word_1_328' title='bbox 979 5409 1003 5458; x_wconf 81' lang='lat'>2.</span> <span class='ocrx_word' id='word_1_329' title='bbox 1048 5407 1165 5471; x_wconf 72' lang='lat' dir='ltr'>eldeest</span> <span class='ocrx_word' id='word_1_330' title='bbox 1186 5407 1228 5460; x_wconf 76' lang='grc'>37,</span> <span class='ocrx_word' id='word_1_331' title='bbox 1249 5411 1292 5459; x_wconf 85' lang='grc'><strong>34.</strong></span> <span class='ocrx_word' id='word_1_332' title='bbox 1361 5409 1690 5474; x_wconf 76' lang='lat' dir='ltr'>d)deea1.2.30.34.</span> <span class='ocrx_word' id='word_1_333' title='bbox 1753 5416 1901 5478; x_wconf 75' lang='lat' dir='ltr'>oltra-10</span> 
     </span>
     <span class='ocr_line' id='line_1_47' title="bbox 200 5499 1851 5568; baseline 0.004 -19"><span class='ocrx_word' id='word_1_334' title='bbox 200 5499 229 5564; x_wconf 87' lang='lat' dir='ltr'>d)</span> <span class='ocrx_word' id='word_1_335' title='bbox 246 5500 312 5551; x_wconf 87' lang='lat' dir='ltr'>duce</span> <span class='ocrx_word' id='word_1_336' title='bbox 329 5503 353 5552; x_wconf 78' lang='lat'>⁶2.</span> <span class='ocrx_word' id='word_1_337' title='bbox 411 5502 438 5567; x_wconf 87' lang='lat' dir='ltr'>s)</span> <span class='ocrx_word' id='word_1_338' title='bbox 454 5503 594 5553; x_wconf 82' lang='lat' dir='ltr'>Lantfrido</span> <span class='ocrx_word' id='word_1_339' title='bbox 612 5504 636 5553; x_wconf 73' lang='lat'>2.</span> <span class='ocrx_word' id='word_1_340' title='bbox 692 5503 820 5568; x_wconf 68' lang='lat' dir='ltr'>Oeetero</span> <span class='ocrx_word' id='word_1_341' title='bbox 836 5503 861 5553; x_wconf 80' lang='lat'>2.</span> <span class='ocrx_word' id='word_1_342' title='bbox 916 5502 946 5566; x_wconf 84' lang='lat' dir='ltr'>g)</span> <span class='ocrx_word' id='word_1_343' title='bbox 963 5500 1004 5550; x_wconf 86' lang='lat' dir='ltr'>vel</span> <span class='ocrx_word' id='word_1_344' title='bbox 1047 5500 1110 5551; x_wconf 88' lang='lat' dir='ltr'>dere</span> <span class='ocrx_word' id='word_1_345' title='bbox 1134 5502 1229 5551; x_wconf 86' lang='lat' dir='ltr'>volunt</span> <span class='ocrx_word' id='word_1_346' title='bbox 1254 5502 1303 5564; x_wconf 80' lang='lat'>32;</span> <span class='ocrx_word' id='word_1_347' title='bbox 1329 5503 1433 5553; x_wconf 85' lang='lat' dir='ltr'>tradere</span> <span class='ocrx_word' id='word_1_348' title='bbox 1459 5504 1516 5553; x_wconf 85' lang='lat' dir='ltr'>vult</span> <span class='ocrx_word' id='word_1_349' title='bbox 1539 5504 1583 5554; x_wconf 80' lang='grc'>37).</span> <span class='ocrx_word' id='word_1_350' title='bbox 1663 5506 1685 5568; x_wconf 77' lang='lat' dir='ltr'>f)</span> <span class='ocrx_word' id='word_1_351' title='bbox 1711 5505 1782 5556; x_wconf 79' lang='lat' dir='ltr'>deest</span> <span class='ocrx_word' id='word_1_352' title='bbox 1808 5507 1851 5556; x_wconf 79' lang='lat'>34.</span> 
     </span>
     <span class='ocr_line' id='line_1_48' title="bbox 199 5591 1852 5661; baseline 0.006 -20"><span class='ocrx_word' id='word_1_353' title='bbox 199 5593 408 5659; x_wconf 63' lang='lat' dir='ltr'>semetipsum.</span> <span class='ocrx_word' id='word_1_354' title='bbox 452 5594 481 5658; x_wconf 82' lang='lat' dir='ltr'>h)</span> <span class='ocrx_word' id='word_1_355' title='bbox 496 5595 629 5660; x_wconf 80' lang='lat' dir='ltr'>hueusque</span> <span class='ocrx_word' id='word_1_356' title='bbox 642 5595 745 5646; x_wconf 78' lang='lat' dir='ltr'>collatio</span> <span class='ocrx_word' id='word_1_357' title='bbox 759 5593 923 5646; x_wconf 80' lang='lat' dir='ltr'>codicir2r&#39;a</span> <span class='ocrx_word' id='word_1_358' title='bbox 938 5591 1005 5642; x_wconf 80' lang='lat' dir='ltr'>libro</span> <span class='ocrx_word' id='word_1_359' title='bbox 1046 5592 1076 5658; x_wconf 81' lang='lat' dir='ltr'>g)</span> <span class='ocrx_word' id='word_1_360' title='bbox 1096 5594 1139 5644; x_wconf 88' lang='lat' dir='ltr'>vel</span> <span class='ocrx_word' id='word_1_361' title='bbox 1158 5601 1242 5645; x_wconf 85' lang='lat' dir='ltr'>semet</span> <span class='ocrx_word' id='word_1_362' title='bbox 1260 5597 1348 5660; x_wconf 89' lang='lat' dir='ltr'>ipsum</span> <span class='ocrx_word' id='word_1_363' title='bbox 1368 5596 1423 5646; x_wconf 82' lang='lat' dir='ltr'>des.</span> <span class='ocrx_word' id='word_1_364' title='bbox 1447 5595 1487 5645; x_wconf 83' lang='lat'>14.</span> <span class='ocrx_word' id='word_1_365' title='bbox 1562 5595 1591 5661; x_wconf 86' lang='lat' dir='ltr'>h)</span> <span class='ocrx_word' id='word_1_366' title='bbox 1613 5598 1664 5647; x_wconf 88' lang='lat' dir='ltr'>Dei</span> <span class='ocrx_word' id='word_1_367' title='bbox 1684 5597 1747 5648; x_wconf 84' lang='lat' dir='ltr'>add.</span> <span class='ocrx_word' id='word_1_368' title='bbox 1770 5598 1809 5648; x_wconf 80' lang='lat' dir='ltr'>lb.</span> <span class='ocrx_word' id='word_1_369' title='bbox 1828 5597 1852 5650; x_wconf 88' lang='grc'>7.</span> 
     </span>
     <span class='ocr_line' id='line_1_49' title="bbox 200 5681 1853 5754; baseline 0.005 -21"><span class='ocrx_word' id='word_1_370' title='bbox 200 5681 335 5736; x_wconf 76' lang='lat' dir='ltr'>Ecklrarti.</span> <span class='ocrx_word' id='word_1_371' title='bbox 391 5685 500 5748; x_wconf 67' lang='lat' dir='ltr'>naseu</span> <span class='ocrx_word' id='word_1_372' title='bbox 520 5688 605 5738; x_wconf 80' lang='lat'>4.10.</span> <span class='ocrx_word' id='word_1_373' title='bbox 662 5687 692 5752; x_wconf 82' lang='lat' dir='ltr'>k)</span> <span class='ocrx_word' id='word_1_374' title='bbox 711 5690 798 5754; x_wconf 85' lang='lat' dir='ltr'>ipsam</span> <span class='ocrx_word' id='word_1_375' title='bbox 817 5686 842 5737; x_wconf 83' lang='lat'>8.</span> <span class='ocrx_word' id='word_1_376' title='bbox 898 5685 920 5750; x_wconf 95' lang='lat' dir='ltr'>l)</span> <span class='ocrx_word' id='word_1_377' title='bbox 941 5701 1003 5736; x_wconf 88' lang='lat' dir='ltr'>con·</span> <span class='ocrx_word' id='word_1_378' title='bbox 1048 5686 1090 5736; x_wconf 85' lang='grc'>16.</span> <span class='ocrx_word' id='word_1_379' title='bbox 1113 5687 1154 5738; x_wconf 74' lang='lat'>20.</span> <span class='ocrx_word' id='word_1_380' title='bbox 1175 5687 1219 5737; x_wconf 87' lang='grc'><strong>34.</strong></span> <span class='ocrx_word' id='word_1_381' title='bbox 1301 5689 1322 5750; x_wconf 88' lang='grc' dir='ltr'>ἰ)</span> <span class='ocrx_word' id='word_1_382' title='bbox 1343 5688 1405 5738; x_wconf 84' lang='lat' dir='ltr'>dare</span> <span class='ocrx_word' id='word_1_383' title='bbox 1425 5687 1469 5738; x_wconf 87' lang='grc'><strong>34.</strong></span> <span class='ocrx_word' id='word_1_384' title='bbox 1543 5688 1574 5752; x_wconf 78' lang='lat' dir='ltr'>k)</span> <span class='ocrx_word' id='word_1_385' title='bbox 1593 5688 1657 5739; x_wconf 76' lang='lat' dir='ltr'>iada</span> <span class='ocrx_word' id='word_1_386' title='bbox 1676 5691 1709 5740; x_wconf 83' lang='lat' dir='ltr'>ab</span> <span class='ocrx_word' id='word_1_387' title='bbox 1725 5690 1775 5740; x_wconf 77' lang='lat' dir='ltr'>liae</span> <span class='ocrx_word' id='word_1_388' title='bbox 1792 5707 1853 5743; x_wconf 79' lang='lat' dir='ltr'>occe</span> 
     </span>
     <span class='ocr_line' id='line_1_50' title="bbox 200 5776 1778 5846; baseline 0.007 -21"><span class='ocrx_word' id='word_1_389' title='bbox 200 5776 338 5828; x_wconf 83' lang='lat' dir='ltr'>tradicenti</span> <span class='ocrx_word' id='word_1_390' title='bbox 357 5779 382 5828; x_wconf 86' lang='grc'>4.</span> <span class='ocrx_word' id='word_1_391' title='bbox 406 5781 447 5829; x_wconf 88' lang='lat'>11.</span> <span class='ocrx_word' id='word_1_392' title='bbox 517 5779 809 5842; x_wconf 65' lang='lat' dir='ltr'>meorumnam.</span> <span class='ocrx_word' id='word_1_393' title='bbox 881 5777 911 5841; x_wconf 89' lang='lat'>11)</span> <span class='ocrx_word' id='word_1_394' title='bbox 931 5778 1005 5828; x_wconf 86' lang='lat' dir='ltr'>nulla</span> <span class='ocrx_word' id='word_1_395' title='bbox 1046 5777 1131 5844; x_wconf 68' lang='lat' dir='ltr'>deficit</span> <span class='ocrx_word' id='word_1_396' title='bbox 1151 5783 1177 5829; x_wconf 89' lang='grc'>3.</span> <span class='ocrx_word' id='word_1_397' title='bbox 1252 5780 1273 5842; x_wconf 94' lang='grc'>1)</span> <span class='ocrx_word' id='word_1_398' title='bbox 1294 5780 1446 5830; x_wconf 83' lang='lat' dir='ltr'>facultatem</span> <span class='ocrx_word' id='word_1_399' title='bbox 1467 5781 1510 5832; x_wconf 88' lang='grc'><strong>34.</strong></span> <span class='ocrx_word' id='word_1_400' title='bbox 1586 5785 1624 5846; x_wconf 83' lang='lat' dir='ltr'>ru)</span> <span class='ocrx_word' id='word_1_401' title='bbox 1644 5783 1715 5834; x_wconf 82' lang='lat' dir='ltr'>decet</span> <span class='ocrx_word' id='word_1_402' title='bbox 1738 5783 1778 5836; x_wconf 81' lang='lat'>15.</span> 
     </span>
    </p>

    <p class='ocr_par' dir='ltr' id='par_1_13' title="bbox 155 5869 399 5922">
     <span class='ocr_line' id='line_1_51' title="bbox 155 5869 399 5922; baseline 0.016 -5"><span class='ocrx_word' id='word_1_403' title='bbox 155 5879 181 5918; x_wconf 67' lang='grc' dir='ltr'>δυ</span> <span class='ocrx_word' id='word_1_404' title='bbox 201 5886 267 5920; x_wconf 77' lang='lat' dir='ltr'>cerr.</span> <span class='ocrx_word' id='word_1_405' title='bbox 283 5869 337 5922; x_wconf 80' lang='lat' dir='ltr'>ulla</span> <span class='ocrx_word' id='word_1_406' title='bbox 357 5872 399 5921; x_wconf 85' lang='lat'>10.</span> 
     </span>
    </p>
   </div>
   <div class='ocr_carea' id='block_1_9' title="bbox 0 0 2322 6420">
    <p class='ocr_par' dir='ltr' id='par_1_14' title="bbox 0 0 2322 6420">
     <span class='ocr_line' id='line_1_52' title="bbox 0 0 2322 6420; baseline 0 1"><span class='ocrx_word' id='word_1_407' title='bbox 0 0 2322 6420; x_wconf 95' lang='lat' dir='ltr'> </span> 
     </span>
    </p>
   </div>
  </div>
 </body>
</html>
