4634 6420
141 720 172 770 8.

546 533 666 591 LEGES
688 533 994 590 ALAMANNORUM.
1022 565 1058 572 -
1081 533 1166 588 Lux,
1211 531 1362 588 INDICES
1384 531 1418 586 Λ.

614 721 639 770 9.

24 815 47 867 2.
70 812 102 868 Si
127 815 202 885 quis
230 815 386 888 aliquam⁸
473 817 521 870 31.
533 816 579 869 De
591 831 638 868 res
650 813 740 880 (lueis,
754 813 832 884 quod

42 915 125 971 ducis
149 917 315 975 furaverit.

431 919 467 972 ad
490 935 554 972 cum
575 916 732 987 pertinent.

1052 718 1093 768 10.

1021 821 1065 868 31.

1497 716 1539 764 11.

1363 810 1413 863 32.
1450 810 1494 862 De
1523 825 1566 877 ee,
1599 808 1647 878 qui
1676 825 1722 861 res

1322 911 1402 966 ducis
1424 910 1571 965 furaverit.

24 1123 55 1178 ¹3.
89 1123 138 1178 De
168 1124 305 1192 feminis,
336 1123 387 1195 qui
473 1125 520 1179 32.
550 1124 596 1178 Dc
624 1121 746 1176 feminas
773 1138 830 1174 me·
911 1123 954 1174 32.
980 1125 1020 1173 De
1041 1124 1163 1186 feminas,
1186 1124 1276 1189 quiin
1363 1115 1612 1183 33.1)efeminis‚
1630 1115 1723 1186 quiin

24 1225 173 1282 linisterio
189 1229 276 1282 ducis
288 1217 385 1282 suntl.

24 1840 64 1893 34.
96 1838 129 1894 si
153 1839 219 1910 quis
248 1857 294 1894 res
318 1839 385 1893 duci

24 1942 121 1997 vuiliter
143 1942 255 1997 tulerit.

430 1219 587 1281 nasteried.

471 1839 520 1892 33.
553 1840 598 1892 lle
627 1855 672 1891 res
701 1837 765 1890 <luci
790 1837 830 1890 in-

430 1959 522 1995 vacas.

24 2252 66 2306 35.
89 2253 137 2306 Dc
158 2250 221 2305 filie
243 2249 386 2304 rebellem
472 2249 521 2304 34.
565 2249 610 2304 De
652 2249 712 2302 filio
751 2248 831 2302 (lueis

24 2355 51 2409 :ri
74 2373 137 2409 sue.

24 2561 68 2614 33.
83 2559 124 2614 Ut
135 2565 298 2614 conventus
311 2557 384 2612 anti-

24 2682 37 2716 a
58 2663 301 2718 corisuetudinem
324 2661 383 2716 fiat.

430 2357 628 2406 contumacem
637 2357 659 2407 θ.

471 2557 520 2612 35.
545 2557 583 2613 Ut
606 2564 764 2612 conventus
786 2576 829 2612 se-

428 2661 552 2715 eundum
591 2661 830 2716 consuetudinem

428 2763 548 2834 antiqua
569 2757 648 2819 fieti.

25 3175 69 3228 37.
84 3173 123 3229 Ut
140 3173 289 3244 mancipia
306 3181 386 3227 extra
470 3170 519 3225 36.
529 3170 621 3242 (378).
637 3170 665 3226 U
689 3172 833 3244 mancipia

24 3277 127 3331 mincia
143 3297 201 3331 non
216 3277 383 3332 vindentur.

25 3481 69 3535 38.
89 3481 129 3536 Ut
140 3482 187 3536 die
201 3481 385 3536 llemcniee⁶

24 3585 152 3638 Jelnetnr.

24 4095 69 4148 39.
93 4096 139 4150 De
163 4095 291 4149 inlicitas
312 4113 383 4166 nup-

24 4403 70 4456 lo.
94 4402 124 4456 Si
149 4402 214 4472 quis
232 4411 382 4472 parentem

24 4523 58 4558 lm
89 4505 226 4559 accidere
248 4506 382 4560 voluerit.

24 4813 69 4866 41.
101 4811 143 4868 Ut
171 4829 275 4867 euusas
297 4813 383 4868 iudex

24 4913 95 4969 licet.

427 3273 498 3327 feris
526 3269 694 3344 provinciah
724 3270 831 3332 neme*l

428 3371 619 3431 vendanturh.

472 3481 519 3534 37.
530 3480 602 3552 (38).
615 3473 665 3535 111ἰ
678 3481 724 3536 die
733 3483 830 3537 Demi-

429 3583 494 3637 niee
508 3600 630 3654 operere
643 3585 740 3638 nullus
748 3604 830 3656 prae-

429 3692 551 3740 summat
565 3686 671 3756 lacere,
694 3688 762 3758 quia
776 3689 831 3744 hee

428 3789 474 3842 lex
503 3789 643 3859 proibuit,
675 3798 704 3844 et
734 3810 831 3846 sueres

429 3891 586 3962 scripturas
629 3893 658 3946 ia
698 3895 830 3950 omuibus

427 4000 558 4048 testatur.

470 4097 520 4151 38.
543 4097 615 4170 (39).
649 4099 694 4152 Dc
722 4100 830 4170 nuptiis

427 4198 555 4255 inlicitis.

471 4405 519 4458 33.
543 4403 616 4476 (40).
646 4407 691 4460 De
713 4407 828 4476 patrici—

428 4506 483 4560 diis
505 4514 534 4562 ct
555 4508 721 4564 fratricidiis
730 4504 753 4563 ¹⁸.

470 4815 519 4868 40.
549 4815 621 4888 (41).
662 4815 702 4871 Ut
733 4818 829 4872 nullus

429 4934 530 4972 causas
550 4919 650 4975 audire
665 4928 832 4990 praesumat

427 5014 503 5074 nisit
527 5017 608 5092 quil.

25 5119 70 5174 le.
114 5123 160 5176 De
199 5137 318 5176 veraces
356 5129 385 5178 ct
470 5118 829 5198 41.(42‘¹).Siquisinter-

24 5223 125 5280 edecus
149 5233 250 5280 testes.

427 5228 553 5298 pellatur
576 5235 643 5284 ante
667 5223 771 5285 duced.

874 1219 1035 1267 monasterio
1055 1216 1130 1266 ducis
1149 1221 1219 1266 cunt.

1021 1834 1065 1885 33.

912 2558 955 2610 33.
973 2557 1008 2606 Ut
1022 2563 1169 2608 conventus
1183 2575 1275 2610 seeun-

874 2650 935 2700 dum
965 2651 1178 2702 censuitudinem
1209 2654 1275 2702 auti·

873 2759 952 2810 quam
971 2743 1024 2795 fiat.

911 3179 956 3230 36.
988 3179 1024 3230 Ut
1052 3183 1185 3249 mancipia
1213 3183 1277 3233 seris

875 3274 1012 3336 provincia
1040 3289 1118 3324 neme
1144 3277 1276 3326 vindatnr.

1021 3486 1065 3534 37.

910 4103 953 4153 38.
980 4105 1021 4154 De
1042 4106 1139 4172 nuptiis
1158 4107 1275 4159 inlicitis.

909 4417 953 4468 ³9.
990 4419 1031 4467 De
1064 4420 1216 4482 patrecidiis
1250 4427 1276 4469 et

873 4509 1035 4559 fratricidiis.

1020 5139 1063 5190 41.

1321 1219 1479 1274 ministerio
1504 1219 1584 1273 ducis
1607 1225 1681 1272 sant.

1363 1831 1411 1886 34.
1441 1833 1486 1886 Dc
1510 1849 1554 1901 ee,
1586 1833 1635 1904 qui
1656 1851 1719 1904 pre·

1320 1935 1475 2005 sumpserit
1504 1935 1579 1990 infra
1606 1936 1720 2008 provin·

1320 2037 1393 2090 ciam
1416 2055 1462 2092 res
1482 2039 1562 2094 ducis
1577 2037 1722 2094 hostiliter

1319 2140 1460 2196 insedere.

1363 2243 1548 2300 35.Defi1i0
1567 2245 1657 2315 ducis,
1674 2244 1722 2317 qui
1794 2319 1796 2330 ,
1878 2287 1884 2300 .

1321 2352 1421 2401 centra
1436 2355 1548 2419 patrem
1565 2367 1646 2404 suurn
1662 2367 1722 2402 sur·

1319 2451 1401 2506 rexit.

1364 2555 1412 2610 36.
1442 2555 1487 2610 Dc
1511 2561 1662 2624 conventu,
1691 2561 1724 2608 ut

1321 2659 1477 2712 secundnm
1494 2658 1640 2732 antiquam
1656 2675 1721 2712 con·

1321 2763 1511 2818 suetudinem.

1364 3173 1412 3226 37.
1436 3173 1481 3226 De
1501 3173 1662 3243 mancipiis,
1685 3191 1721 3227 nc

1320 3275 1422 3330 fortias
1458 3277 1621 3346 provintiae
1654 3293 1720 3330 ven·

1321 3379 1433 3432 dantur.

1363 3481 1412 3536 38.
1445 3483 1490 3535 ne
1521 3499 1566 3550 00,
1597 3482 1645 3553 qut
1675 3443 1721 3536 aie

1319 3584 1471 3638 Dominice
1496 3603 1585 3655 opera
1607 3585 1723 3638 scurilia

1319 3687 1397 3742 fecit.

1361 4097 1409 4151 39.
1441 4098 1485 4152 De
1509 4098 1626 4151 inlicit-is
1649 4117 1719 4169 nup-

1320 4219 1380 4254 ens.

1362 4406 1411 4460 40.
1441 4409 1485 4460 De
1508 4403 1668 4475 patricidiis
1692 4411 1721 4458 et

1318 4508 1494 4562 fratricidiis

1361 4814 1410 4868 41.
1433 4813 1474 4868 Ut
1493 4814 1588 4867 nullus
1604 4831 1719 4868 eausam

1319 4916 1399 4970 adire
1415 4923 1570 4987 presumat,
1594 4916 1648 4970 uisi
1671 4916 1719 4987 qui

1319 5037 1335 5073 a
1359 5021 1431 5074 duce
1450 5019 1622 5074 constitutus
1645 5025 1697 5074 est.

1361 5125 1410 5178 42.
1441 5125 1486 5178 De
1510 5140 1554 5192 ee,
1579 5121 1627 5193 qui
1650 5139 1719 5193 sepe

1318 5226 1519 5281 interbellatus
1566 5231 1610 5279 est
1653 5231 1719 5280 unte

1320 5331 1422 5384 ducem
1451 5329 1486 5382 de
1510 5328 1719 5400 qualecumque

1319 5432 1447 5488 evidenti
1477 5449 1564 5486 ceusu
1594 5439 1623 5486 ct
1652 5449 1717 5486 eon-

1318 5536 1409 5590 victus
1418 5535 1513 5606 fuerit,
1525 5553 1583 5590 non
1595 5535 1632 5589 cd
1643 5534 1718 5589 iura-

1318 5646 1444 5694 mentum
1466 5639 1657 5710 promittatur.

1800 4115 1842 4164 39.
1865 4115 1905 4164 De
1926 4131 1991 4182 nup·

1763 4207 1806 4256 tiis
1825 4207 1942 4258 inlicitis.

1800 4421 1844 4468 40.
1877 4421 1917 4470 De
1945 4437 1992 4488 pa·

1763 4513 1882 4577 tricidiis,
1906 4514 1992 4564 fratri-

1764 4605 1849 4655 cidiis.

1838 4819 1882 4868 41.

88 5819 274 5893 maliquat‘.
314 5824 345 5889 b)
358 5823 481 5894 quicquid
494 5825 534 5878 illi
547 5833 641 5878 contre
653 5825 737 5894 legem
752 5825 782 5877 lit
795 5827 857 5878 add.
870 5821 907 5877 8*.
946 5821 1174 5890 eldeminic08⁸.
1222 5821 1509 5888 dlrubricedccsttl‘.
1557 5821 1796 5888 e)eontumatis9.
1844 5820 1990 5882 llsnltlcac

24 5907 280 5969 tricaricensem
301 5919 558 5983 comprehenduntur
577 5916 616 5972 θ’,
686 5921 716 5986 g)
736 5937 865 5982 austeros,
885 5936 949 5985 ques
965 5918 1076 5984 praebet
1096 5915 1134 5982 9⁸,
1154 5915 1258 5968 uncinis
1277 5914 1393 5966 inclusor
1413 5916 1593 5982 apposuimus.
1663 5915 1693 5979 h)
1713 5915 1783 5966 deest
1803 5911 1840 5965 9'.
1915 5913 1936 5978 i)
1954 5914 1991 5964 Ut

24 6010 179 6060 edominico
201 6025 278 6060 neme
299 6005 339 6060 θ’.
413 6011 442 6076 k)
461 6011 501 6061 ila
521 6007 566 6072 9·,·
584 6014 731 6079 patricidiis
751 6013 775 6062 9.

1674 6017 1710 6065 6*
