4598 6436
1113 461 1194 518 LEX
1217 458 1530 518 BAIWARIORUM.

773 651 855 714 III.
892 651 951 715 De
982 649 1299 716 commendetis
1326 652 1368 713 et
1400 649 1616 712 domorum
1648 649 1863 714 custodia.
1977 670 2138 722 macro

642 773 671 831 1.
708 767 760 832 ΒΘ
784 767 949 830 custodia.
1983 763 2073 839 ΧΨ,
2093 768 2121 827 1.

641 881 671 938 2.
708 874 744 938 Si
768 895 889 938 aurum
914 872 1092 936 furaverit.
2091 875 2122 933 2.

641 987 671 1044 3.
707 980 760 1045 ΒΘ
784 980 943 1045 incendio
968 978 1175 1041 huiusmodi.

641 1093 671 1150 4.
707 1087 760 1151 ΒΘ
786 1087 1027 1152 commendato
1050 1088 1085 1148 et
1108 1084 1234 1148 furato.

642 1199 672 1256 5.
708 1193 761 1258 De
786 1198 942 1276 tempore
966 1194 1109 1254 statuto.

641 1307 671 1362 6.
709 1299 763 1364 ΒΘ
786 1321 823 1364 re
846 1300 881 1362 in
907 1299 1127 1362 contentione
1151 1297 1271 1380 posite.

643 1413 672 1469 7.
708 1405 761 1470 ΒΘ
786 1406 908 1469 viduis.

641 1518 672 1574 8.
708 1513 760 1577 De
785 1512 944 1577 secundis
967 1510 1106 1593 nuptiis.

641 1625 671 1682 9.
708 1618 760 1683 ΒΘ
784 1618 951 1682 divisione
973 1617 1065 1680 inter
1087 1615 1224 1679 fratres.

619 1730 669 1789 16.
707 1724 760 1790 ΒΘ
786 1745 826 1789 eo
849 1724 909 1807 qui
932 1724 1005 1788 sine
1029 1722 1146 1786 liberis
1171 1721 1324 1784 moritur.

2089 983 2121 1785 ,050905'P292ss5’0

2165 1635 2191 1674 Ξ

2069 1726 2085 1784 μ

1048 1899 1115 1962 IV.
1153 1898 1212 1963 De
1246 1898 1592 1964 venditionibus.

644 2022 671 2078 1.
708 2017 745 2081 Si
768 2037 820 2082 res
843 2015 973 2080 alienos
997 2014 1201 2079 vendiderit.

642 2129 671 2187 2.
710 2122 845 2205 Siquis
869 2122 1116 2204 possessionem
1138 2121 1355 2186 vendiderit..

642 2237 673 2293 3.
708 2229 744 2292 Si
768 2249 789 2292 n
812 2249 909 2292 servo
933 2228 1046 2293 alieno
1070 2227 1318 2310 conparaverit.

641 2341 670 2399 4.
708 2336 761 2399 ΒΘ
785 2335 1005 2399 contentione
1029 2334 1189 2398 venditae
1213 2334 1272 2397 rei.

640 2447 670 2504 5.
708 2442 745 2505 Si
767 2443 955 2526 ingenuum
980 2441 1155 2504 hominem
1178 2440 1380 2505 vendiderit.

640 2556 670 2612 6.
707 2549 744 2612 Si
767 2569 902 2613 servum
926 2547 1111 2631 proprium.

635 2660 652 2716 7
659 2703 666 2716 .
703 2655 739 2719 Si
763 2674 881 2719 servus
905 2655 947 2717 de
971 2673 1033 2718 suo
1057 2653 1164 2716 fuerit
1187 2653 1394 2736 redemptus.

639 2767 669 2824 8.
706 2762 759 2827 De
783 2760 1063 2825 commutatione.

642 2873 671 2931 9.
708 2867 761 2931 ΒΘ
787 2866 995 2932 venditionis
1018 2866 1139 2929 forma.

619 2980 670 3038 10.
706 2973 758 3038 ΒΘ
781 2974 875 3037 orris.

620 3084 670 3143 11.
707 3081 760 3144 ΒΘ
784 3080 987 3143 firmatione.

621 3191 670 3249 12.
706 3186 796 3251 Item
820 3189 861 3249 nt
884 3206 996 3268 supra.

621 3298 670 3356 13.
707 3292 796 3356 Item
821 3295 861 3355 ut
884 3312 997 3376 supra.

621 3404 671 3462 14.
708 3398 820 3462 Simili
844 3399 955 3462 modo.

620 3509 670 3568 15.
709 3504 757 3569 Ut
780 3526 841 3589 per
863 3509 994 3570 curtem
1019 3505 1198 3568 firmentur
1221 3508 1283 3568 out
1305 3507 1420 3568 testes.

622 3616 672 3675 16.
709 3611 761 3676 ΒΘ
785 3611 896 3694 pactis
920 3611 973 3674 vel
998 3610 1144 3693 placitis.

987 3787 1027 3850 V.
1065 3789 1123 3854 De
1154 3788 1349 3852 testibus
1379 3789 1653 3853 adhibendis.

642 3901 671 3959 1.
708 3895 761 3960 ΒΘ
784 3895 940 3959 testibus.

643 4006 673 4062 2.
710 4002 745 4065 Si
769 4022 868 4064 suum
893 4000 1041 4065 voluerit
1064 4002 1248 4065 vindicare.

642 4113 672 4170 3.
708 4107 745 4171 Si
768 4110 892 4172 testem
918 4107 1078 4172 habuerit
1101 4127 1161 4191 per
1184 4127 1301 4171 eurem
1325 4110 1484 4171 tractum.

641 4219 671 4276 4.
708 4213 744 4276 Si
769 4213 880 4277 victus
903 4213 1020 4278 fuerit.

642 4325 672 4384 5.
709 4320 746 4383 Si
771 4339 849 4383 cum
873 4339 978 4384 uxore
1002 4319 1145 4384 alterius
1170 4321 1245 4404 quis
1269 4319 1503 4384 concubuerit.

643 4432 672 4490 6.
709 4425 761 4489 ΒΘ
786 4426 890 4489 servis
914 4425 973 4508 qui
997 4427 1063 4490 hoc
1087 4427 1328 4491 commiserint.

643 4537 672 4594 7.
709 4532 745 4595 Si
770 4535 909 4615 propter
932 4531 1112 4596 libidinem
1136 4553 1258 4597 manus
1281 4533 1448 4596 iniecerit.

642 4645 672 4702 Β.
709 4638 746 4701 Si
770 4639 974 4703 indumenta
998 4659 1099 4721 super
1121 4639 1267 4722 genucla
1291 4638 1486 4704 elevaverit.

642 4750 671 4808 9.
709 4745 762 4809 De
787 4744 1077 4810 discriminalibus
1101 4746 1246 4810 reiectis.

621 4857 671 4915 10.
707 4850 761 4916 ΒΘ
784 4854 887 4935 rnptu
911 4853 1092 4935 virginum.

621 4963 672 5022 11.
709 4958 745 5021 Si
769 4959 845 5041 quis
869 4959 1005 5022 viduum
1032 4959 1195 5042 rapuerit.

620 5069 672 5128 12.
709 5064 763 5128 ΒΘ
786 5064 1015 5129 fornicatione
1040 5085 1115 5129 oum
1141 5065 1260 5131 libera.

620 5176 671 5234 13.
708 5171 744 5234 Si
768 5190 884 5235 servus
909 5192 986 5234 cum
1010 5170 1120 5235 libere
1143 5172 1377 5236 fornicaverit.

619 5283 670 5341 14.
707 5277 744 5340 Si
768 5298 844 5342 cum
870 5276 979 5342 libere
1004 5299 1107 5341 menn
1131 5281 1233 5343 misse
1255 5278 1488 5343 fornicaverit.

620 5389 671 5447 15.
708 5383 745 5446 Si
769 5404 845 5448 oum
871 5385 1003 5466 virgine
1027 5405 1115 5466 quoe
1139 5406 1200 5469 per
1223 5405 1362 5449 menum
1386 5386 1494 5450 libere
1517 5386 1619 5451 missu
1641 5389 1702 5452 est.

619 5495 670 5553 16.
706 5490 743 5553 Si
767 5511 844 5554 cum
869 5490 996 5554 ancilla
1019 5491 1173 5556 alterius.

620 5601 671 5660 17.
706 5597 742 5660 Si
768 5617 845 5660 cum
869 5597 996 5662 ancillo
1019 5597 1161 5681 virgine.

538 5768 569 5857 1)
591 5777 652 5838 Hie
676 5779 774 5839 titulus
796 5780 827 5838 in
851 5783 932 5838 textu
955 5779 1059 5838 codicis
1082 5779 1117 5838 K
1136 5779 1220 5840 deest.
