4546 6436
190 491 275 562 11‚7.
294 493 325 550 8.
809 493 889 552 LEX
913 494 1226 556 BAIWARIORUM.
1781 496 1842 555 301

189 682 312 747 exinde
337 702 461 746 munus
485 642 650 768 accipere,
682 683 711 746 si
734 683 814 747 inde
839 682 956 748 vivens
980 684 1127 749 eruerit
1156 690 1201 760 et,
1232 686 1260 750 si
1290 692 1430 771 propter
1458 687 1522 752 hoc
1547 692 1703 752 mortuus
1726 686 1845 762 fuerit,

189 789 317 863 credat,
354 788 446 872 quod
484 788 547 880 tilii
581 788 656 853 eius
687 793 749 853 aut
783 787 875 854 filiae
906 791 1111 874 possedeant
1140 792 1368 859 hereditatem
1401 794 1474 858 eius
1498 793 1594 858 nullo
1617 793 1845 876 inquietante.

188 894 284 959 ‘Iunc
310 895 399 960 fidus
423 898 459 960 et
482 898 666 980 prumptus
689 894 813 980 implet
836 895 1031 961 iussionem.

188 1062 289 1126 VIII.
328 1057 383 1145 [Si
414 1065 512 1147 quis
543 1065 668 1148 regis
691 1063 760 1129 vel
796 1065 920 1129 ducis
957 1066 1022 1130 sui
1057 1065 1255 1132 iussione
1287 1069 1502 1133 hominem
1533 1063 1843 1150 interfecerit}
1864 1037 2011 1180 suffitae

153 1207 166 1246 5
299 1181 343 1236 ¹Si
361 1183 422 1251 quie
441 1182 581 1236 hominem
600 1183 813 1252 periussionem
832 1185 904 1253 regis
927 1173 982 1237 vel
1006 1173 1104 1238 ducis
1123 1174 1176 1238 sni
1195 1175 1254 1258 qni
1271 1173 1369 1240 illam
1389 1175 1596 1260 provintiam
1616 1176 1653 1240 in
1672 1179 1844 1260 potestate

189 1275 304 1348 hebet,
330 1287 473 1356 occiderit,
502 1298 570 1342 non
595 1278 791 1360 requiratur
821 1279 853 1342 ei
882 1299 945 1344 nec
969 1278 1178 1344 feidosus*·²
1207 1281 1269 1358 sit,
1301 1282 1382 1365 quia
1412 1282 1517 1346 iussio
1545 1282 1675 1347 domini
1699 1282 1752 1346 sui
1775 1282 1846 1346 fuit

189 1385 225 1446 et
248 1403 317 1447 non
342 1383 457 1468 potuit
481 1385 716 1449 contradicere
740 1384 943 1460 iussionem;
968 1387 1027 1452 sed
1052 1387 1122 1451 dux
1146 1388 1312 1453 defendat
1336 1409 1413 1453 eum
1439 1391 1475 1452 et
1498 1388 1587 1453 filios
1610 1390 1684 1454 eius
1708 1410 1769 1474 pro
1793 1409 1844 1454 eo.

190 1489 235 1551 Bt
264 1489 292 1552 si
325 1489 394 1552 dux
424 1488 484 1555 ille
517 1495 672 1555 mortuus
696 1491 813 1566 fuerit,
845 1491 934 1557 alius
958 1493 1027 1556 dux
1051 1494 1168 1576 quiin
1193 1493 1269 1559 loco
1293 1496 1366 1560 eius
1390 1495 1532 1570 accedit,
1564 1496 1730 1561 defendat
1755 1516 1843 1560 eum.

295 1628 323 1712 *)
349 1637 445 1712 plossa
467 1637 543 1697 odd:
567 1639 600 1696 id
624 1643 673 1696 est
696 1633 805 1714 giieh²
828 1638 854 1696 T
867 1639 899 1708 I;
931 1639 963 1696 id
987 1643 1037 1697 est
1060 1639 1190 1715 gineher
1215 1638 1279 1698 (tw.

145 1909 171 1946 ro
295 1887 352 1946 Ed.
371 1889 497 1947 Bottoui
515 1889 546 1948 2.
581 1889 613 1948 Si
637 1890 708 1966 quis
733 1907 795 1948 uem
817 1908 883 1964 repe
905 1890 939 1949 de
963 1894 1051 1948 urtone
1069 1889 1190 1948 alterius
1208 1889 1403 1949 consiliaverit
1422 1896 1473 1949 aut
1490 1891 1651 1950 hominem
1672 1909 1726 1967 per
1744 1893 1843 1968 ipsius

189 1997 362 2052 iussionem
386 1997 587 2055 cecideritin
612 1995 689 2054 nullo
711 1996 750 2054 sit
773 1996 929 2070 culparetis
952 2015 1000 2054 uec
1022 1995 1071 2055 ille
1093 2013 1143 2054 uec
1164 1995 1278 2054 teretes
1300 1996 1362 2054 eius
1382 2014 1492 2072 qeeopuo
1516 2003 1639 2071 tempore
1661 1999 1697 2058 ut
1720 1998 1771 2058 illo
1795 2004 1846 2057 aeut

188 2101 303 2160 heredes
325 2102 419 2176 ipsius
441 2103 653 2177 requisitionem
675 2108 726 2162 aut
758 2103 886 2162 uiolenta
911 2102 1064 2177 potietur:
1098 2102 1167 2176 quia
1185 2107 1340 2176 postquam
1363 2102 1451 2162 corda
1472 2122 1570 2178 rapum
1591 2105 1623 2163 iu
1647 2123 1763 2164 neonem
1786 2105 1844 2164 Dei

189 2208 331 2267 crediruus
353 2226 420 2278 asse,
445 2227 500 2266 uou
523 2214 564 2268 est
582 2209 728 2284 possititc,
754 2214 786 2267 ut
807 2209 888 2268 tomo
907 2209 1001 2283 possit
1023 2208 1160 2268 munus-e
1183 2227 1264 2282 queue
1287 2227 1341 2267 reec
1363 2209 1488 2269 occidere
1510 2211 1636 2270 iusserit.

281 2348 286 2351 .
303 2347 346 2352 ..-
591 2347 963 2354 -.----——-.-....-.—-.........-
1186 2347 1203 2352 -
1479 2349 1525 2356 ....„.
1547 2349 1558 2353 ..
1737 2350 1843 2358 --.-..-

298 2465 363 2533 Cup.
381 2467 443 2522 VII.
470 2468 479 2532 Η
506 2466 522 2522 t.
541 2465 565 2520 l.
586 2466 684 2519 exinde
696 2467 765 2519 deest
778 2467 832 2533 Au,
846 2466 895 2533 Bt,
907 2467 971 2533 Bos,
985 2466 1031 2532 Gt,
1045 2466 1098 2535 Bp,
1111 2465 1149 2533 H,
1161 2465 1191 2532 J,
1204 2465 1308 2534 L,Pd,
1321 2467 1346 2530 d,
1363 2467 1420 2532 TI,
1433 2471 1459 2532 2,
1479 2467 1517 2523 W.
1573 2483 1601 2520 se
1618 2466 1716 2521 exinde
1733 2469 1841 2537 munus]

147 2572 172 2612 rs
190 2571 299 2622 semper
316 2572 364 2607 um
382 2556 415 2611 L.
488 2571 603 2609 munera
621 2557 691 2619 1³6,-
714 2554 804 2608 minus
822 2556 885 2624 Bp,·
909 2571 1006 2609 monus
1026 2559 1075 2623 Ap,
1094 2555 1150 2610 Jle.
1231 2569 1359 2624 accepere
1378 2559 1435 2611 Po.
1509 2555 1530 2609 si
1549 2573 1626 2611 coru:
1646 2555 1701 2611 sive
1721 2557 1760 2617 B,·
1784 2557 1841 2611 sive

193 2643 258 2706 Gw,·
284 2643 332 2696 sed
350 2644 377 2695 P
385 2647 410 2700 6.
519 2643 583 2697 inde
600 2644 669 2698 deest
687 2645 759 2708 Bos,·
786 2642 885 2698 exinde
903 2645 960 2699 Ju.
1067 2644 1145 2698 vivus
1163 2644 1225 2709 ΔΜ,
1245 2645 1300 2711 Au,
1318 2645 1369 2711 Bt,
1388 2645 1438 2711 Gt,
1458 2645 1510 2712 sp,
1528 2644 1559 2712 J,
1576 2645 1633 2713 dtp,
1653 2645 1701 2712 su,
1724 2647 1780 2712 Tr,
1799 2646 1842 2708 W,·

192 2747 259 2784 unus
277 2732 333 2788 Ju.
413 2737 441 2786 ot
464 2734 534 2786 deest
551 2734 614 2801 Ald,
634 2734 666 2798 B,
685 2733 742 2789 tre.
826 2737 854 2787 et
878 2732 901 2786 si
925 2737 1049 2787 mortuus
1067 2765 1102 2773 —
1120 2732 1196 2786 nullo
1222 2734 1314 2786 desunt
1333 2733 1389 2800 Mp,
1407 2733 1456 2788 Mt.
1541 2733 1563 2786 si
1588 2738 1701 2802 propter
1718 2733 1771 2787 hoo
1791 2737 1841 2801 Ap,

193 2821 225 2887 G,
244 2821 312 2886 Her,
329 2822 454 2888 Pl-e,
472 2823 518 2890 sP,
540 2822 641 2891 Tum,
668 2822 725 2875 sive
744 2823 795 2889 Ad,
816 2822 878 2891 ΔΜ,
896 2824 931 2891 Β,
954 2822 1010 2888 (tw,
1029 2823 1093 2884 Jun-
1111 2822 1133 2875 si
1151 2827 1207 2874 eeu.
1239 2823 1248 2888 Η
1274 2819 1297 2876 'I
1313 2821 1339 2877 Δ.
1366 2821 1459 2876 credat
1485 2825 1538 2890 Ap,
1563 2824 1610 2888 ou,
1634 2823 1688 2890 Ep,
1715 2823 1748 2889 θ,
1773 2823 1840 2889 Her,

192 2913 313 2974 Pt—t,
332 2911 378 2978 sP,
399 2910 449 2970 ru,
469 2910 500 2969 Υ,-
519 2909 612 2964 oredet
630 2911 685 2979 Au,
703 2909 761 2974 Bt:
785 2911 862 2978 quasi
880 2913 944 2965 cred
957 2911 1020 2976 Ad,·
1044 2911 1126 2980 quia
1144 2910 1231 2965 credit
1252 2910 1318 2976 cm
1343 2911 1406 2978 quia
1425 2910 1447 2964 si
1466 2910 1554 2965 eredit
1572 2912 1597 2964 B
1604 2931 1613 2973 ,-
1634 2912 1656 2965 si
1675 2911 1762 2966 eredit
1780 2915 1842 2981 Aut,

145 3017 171 3054 so
188 2998 254 3062 Jle;
279 2998 368 3052 eredit
384 3005 439 3054 cett.
464 3033 469 3044 ·
513 2997 552 3051 fili
570 3000 611 3063 L,·
636 2997 707 3053 tilius
725 3001 770 3055 sP.
856 3000 912 3053 eins
930 3000 999 3053 deest
1017 3001 1082 3064 ΔΕ,
1107 2998 1148 3052 sui
1164 2999 1227 3066 Bos,
1247 2999 1294 3054 Gt.
1376 3002 1423 3052 ant
1441 2997 1514 3053 filiae
1532 3031 1568 3040 -
1586 2999 1765 3054 hereditetem
1785 3001 1842 3054 eius

188 3089 283 3142 desum
301 3090 353 3155 Ap,
370 3093 417 3143 sP.
520 3091 568 3140 aut
585 3086 658 3142 filiae
676 3089 772 3141 desunt
788 3088 832 3152 L,·
859 3092 907 3142 ent
932 3087 1005 3142 fidae
1024 3088 1081 3142 eius
1100 3088 1155 3144 Alt.
1258 3087 1420 3156 possedeant
1438 3089 1491 3156 Bp,
1510 3090 1547 3157 Η,
1565 3090 1625 3157 Ρ2,
1638 3092 1663 3157 3,
1677 3093 1702 3154 6,
1727 3091 1773 3147 Tl
1793 3098 1841 3155 (m.

186 3180 294 3246 primo)
312 3177 343 3238 V,·
370 3175 527 3246 possideant
543 3181 599 3231 cett.
689 3175 871 3232 hereditatem
889 3177 948 3230 eius
966 3176 1122 3246 possideant
1140 3177 1188 3232 Bt.
1279 3177 1337 3230 eius
1358 3179 1428 3232 dem
1445 3179 1503 3233 1²4.
1595 3178 1783 3246 inquietantur
1800 3180 1842 3239 L,-

189 3265 341 3334 inquitents
360 3267 423 3329 Ad,·
439 3265 638 3333 inquietetsnte
655 3266 704 3333 Hp
722 3270 805 3330 (corr.
824 3281 858 3318 en
875 3265 1055 3335 inquietante)
1074 3266 1124 3318 Me.
1150 3269 1159 3333 ΙΙ
1188 3266 1206 3323 l.
1222 3264 1248 3322 t.
1267 3263 1355 3320 fidens
1367 3266 1423 3324 Pe.
1478 3270 1603 3336 promtus
1622 3269 1685 3335 Ate,
1703 3269 1757 3336 Bp,
1778 3269 1842 3331 Ta,-

187 3359 302 3425 proptus
319 3355 387 3418 Pu·
422 3357 566 3423 promptus
583 3354 622 3422 Η,
640 3354 670 3420 J,
688 3355 746 3421 Pe,
767 3356 801 3417 V,·
835 3359 961 3423 prumtus
980 3355 1035 3419 ΔΡ,
1070 3357 1205 3423 promtus,
1239 3371 1318 3408 corr:
1350 3360 1495 3425 prnmptus
1529 3355 1593 3418 Atu·
1620 3372 1672 3425 pro
1700 3357 1840 3425 (deletum

144 3461 169 3499 se
187 3448 313 3512 promtus
331 3461 409 3497 corr:
427 3447 551 3513 promtus
570 3443 614 3506 L,·
639 3447 753 3513 propter
773 3443 815 3506 G,·
840 3446 985 3512 proruptus
1003 3447 1053 3511 est,
1071 3448 1101 3496 ut
1119 3444 1197 3506 Ber,·
1224 3447 1367 3513 promptus
1385 3451 1441 3501 cett.
1568 3444 1683 3514 impleat
1702 3447 1754 3514 Bp,
1773 3445 1841 3502 Her.

188 3533 321 3587 insionem
341 3535 406 3594 P6,·
432 3531 550 3586 iussione
571 3533 603 3598 G,
621 3537 667 3588 sP.

294 3623 328 3674 In
348 3621 388 3674 Bt
406 3624 527 3689 sequitur
544 3639 602 3688 cup.
617 3621 659 3688 II,
674 3624 705 3677 11
726 3622 808 3674 tutus
826 3623 957 3676 οᾱὲίίοπὲε.

294 3747 359 3814 Cup.
377 3745 460 3800 VIII.
479 3747 547 3799 deest
566 3747 600 3809 K,
620 3745 698 3811 Stet·
717 3761 775 3796 eum
793 3749 878 3813 eapite
895 3745 954 3797 VII
969 3752 1137 3799 coniunctum
1155 3747 1199 3814 Ep
1217 3749 1266 3810 (en.
1281 3751 1407 3813 pumat·
1425 3749 1455 3798 s'u
1475 3747 1514 3798 Bt
1528 3753 1591 3814 post
1608 3765 1627 3800 a
1642 3749 1713 3814 lto
1733 3754 1840 3802 nonroe

186 3837 317 3891 editionis.
350 3838 359 3902 ΙΙ
392 3836 410 3887 t.
426 3833 451 3890 4.
471 3833 547 3888 VIII
565 3835 633 3888 deest
652 3833 707 3901 Ate,
726 3834 770 3901 Bp
794 3838 843 3900 (m.
858 3838 973 3902 ptumo),
992 3835 1025 3902 L,
1045 3838 1103 3902 1²6,
1124 3835 1175 3890 Te
1200 3837 1249 3900 (m.
1265 3834 1388 3902 memo),-
1412 3833 1470 3888 VII
1491 3837 1540 3903 Ap,
1558 3836 1608 3900 Bt,
1629 3837 1695 3898 cm
1722 3835 1776 3891 Tit.
1796 3835 1840 3890 IX

143 3942 169 3980 so
187 3926 263 3990 Hem·
280 3923 354 3978 XXI
371 3925 425 3992 Ad,
443 3925 498 3988 tte,
516 3923 573 3991 Mp,
591 3922 647 3983 Mu·
668 3921 761 3992 [XX]I
780 3922 841 3979 Alo.
880 3923 1000 3976 Butedeo
1017 3929 1103 3976 exstat
1121 3929 1150 3976 in
1168 3923 1236 3990 Her,
1254 3923 1287 3988 L,
1306 3924 1365 3991 Pe,
1386 3923 1437 3979 ru.
1474 3922 1528 3992 Qui
1546 3923 1686 3978 hominem
1705 3923 1748 3978 vel
1767 3926 1839 3994 regis

187 4015 228 4069 vei
256 4013 360 4069 domini
384 4013 426 4067 sui
445 4012 562 4066 iussione
581 4011 750 4066 interfecerit
767 4011 834 4067 Her.
944 4011 1016 4081 regis
1036 4010 1307 4082 -eui]dneali1.;
1333 4011 1456 4066 ducalius
1475 4015 1532 4067 Po.
1640 4012 1786 4066 iussionem
1806 4013 1837 4070 1..

186 4102 322 4158 interfecit
341 4103 372 4158 L.
407 4105 416 4168 ΙΙ
447 4103 465 4157 1.
482 4102 508 4158 t.
527 4100 573 4170 Si]
593 4099 644 4160 ..i
662 4101 717 4156 Ate.
807 4100 890 4154 homo
909 4101 966 4169 Bp,-
990 4101 1133 4155 hominnm
1152 4101 1208 4169 Mp,
1226 4101 1277 4153 Me.
1363 4117 1415 4170 per
1431 4099 1577 4154 iussionem
1596 4102 1690 4152 desunt
1708 4101 1764 4168 Mp,
1782 4100 1839 4162 Itu·

185 4208 234 4260 per
252 4191 401 4245 sussionem
422 4193 479 4246 Pe.
557 4189 622 4243 duci
639 4205 688 4242 suo
708 4189 764 4255 Au,
782 4190 835 4258 Bp,
853 4189 891 4256 H,
908 4190 938 4257 J,
957 4191 989 4257 L,
1009 4191 1068 4258 P6,
1089 4190 1115 4243 T
1131 4193 1180 4258 (m.
1195 4195 1334 4257 μήπω),
1358 4188 1421 4242 duci
1440 4188 1499 4256 Mp,
1518 4189 1578 4254 ΜΔ,
1602 4188 1679 4242 ducis
1699 4190 1746 4256 Bt,
1764 4190 1839 4251 Hem

186 4280 317 4334 iudicis
339 4279 413 4333 snie
430 4279 482 4347 ⁸1²,-
501 4277 564 4331 dnci
583 4277 625 4331 sui
642 4279 673 4330 V.
745 4278 793 4346 qui
812 4281 906 4332 desunt
924 4279 999 4339 Hem·
1024 4295 1093 4348 quse
1111 4278 1167 4346 de,
1186 4278 1242 4346 Μὴ
1267 4278 1331 4346 quis
1347 4279 1392 4334 sP.
1466 4277 1494 4330 in
1512 4277 1560 4331 ills
1580 4279 1628 4344 Bt,
1648 4277 1694 4342 (in
1712 4277 1838 4342 deletum)

141 4389 166 4428 ss
185 4371 246 4435 Διὶ,
264 4369 312 4423 ilia
328 4370 374 4424 eP.
447 4365 589 4437 provincIe
607 4367 655 4433 Bt,
674 4367 727 4428 eP;
756 4367 938 4436 regionem
959 4369 1022 4436 Bos,
1041 4368 1091 4423 Gt.
1172 4368 1200 4420 in
1218 4368 1287 4422 deest
1305 4369 1355 4434 Bt,
1374 4385 1461 4435 cupro
1479 4368 1577 4419 tineam
1595 4368 1647 4434 Ep.
1719 4371 1837 4436 potesta·

185 4463 240 4512 tem
253 4461 305 4526 Ap,
318 4459 368 4526 Bt,
379 4459 432 4527 Bp,
445 4459 483 4526 Η,
495 4457 526 4522 J,
539 4456 595 4524 Mp,
608 4456 658 4524 Mt,
670 4459 726 4524 P6,
738 4461 786 4525 eP,
801 4457 827 4508 Τ
833 4460 851 4512 2
869 4461 917 4521 (m.
934 4459 1053 4525 priene),
1071 4460 1113 4524 (m
1131 4462 1252 4519 nawen)
1273 4456 1306 4514 L.
1377 4459 1513 4525 potestate
1531 4472 1579 4509 sus
1599 4456 1631 4511 G.
1656 4459 1664 4521 ῑῑ
1687 4457 1704 4512 l.
1720 4457 1746 4512 d.
1766 4456 1838 4510 occi·

185 4546 255 4600 derit
274 4549 303 4600 s'n
320 4554 446 4615 marpe'ne
464 4548 511 4605 Gt.
602 4562 658 4601 non
675 4547 771 4599 deest
788 4545 834 4601 er.
925 4545 950 4600 ei
968 4547 1037 4600 deest
1056 4548 1105 4615 Ad,
1125 4547 1169 4611 B;
1187 4551 1215 4600 et
1233 4548 1282 4612 Ap.
1373 4546 1434 4614 nec]
1453 4561 1488 4599 ne
1508 4546 1556 4613 Bt,
1575 4545 1627 4612 Bp,
1646 4545 1679 4614 L,
1700 4549 1757 4613 P6,
1780 4546 1836 4602 ΤΔ.

184 4634 303 4690 faidosus
328 4639 380 4704 Ap,
404 4637 440 4705 B,
464 4638 527 4705 Boe,
555 4637 612 4704 Gw,
628 4624 688 4702 dd,
713 4635 779 4695 Pa·
808 4633 929 4689 Ieutosus
947 4636 972 4688 L
979 4652 991 4700 ,-
1015 4634 1128 4690 seitosus
1146 4637 1196 4700 Η,
1223 4635 1338 4690 teitusus
1354 4636 1397 4698 W,·
1424 4633 1525 4688 tehitus
1543 4635 1606 4704 lus,-
1634 4634 1755 4689 t'aldorus
1772 4635 1839 4702 Hp,-

183 4723 284 4779 fidosus
303 4727 362 4786 Ad;
390 4725 508 4780 fridosns
532 4726 599 4790 tun·
627 4723 736 4778 tedosus
757 4724 800 4790 G,-
827 4723 954 4779 foedosus
976 4725 1038 4789 It'l,·
1065 4723 1190 4779 facere
1216 4740 1322 4778 ausus
1341 4727 1399 4780 ΡΘ,
1509 4722 1528 4780 I.
1552 4723 1598 4793 sit]
1625 4723 1768 4778 faidosusIt
1792 4724 1837 4780 sP.

139 4832 166 4870 eo
184 4813 257 4886 qnia]
275 4831 360 4884 qnsre
380 4817 448 4881 Tl,·
472 4815 521 4883 qui
538 4815 572 4870 L.
640 4813 716 4868 'iusio
737 4817 802 4878 P6,·
828 4813 975 4867 iussionem
994 4813 1061 4881 Hp,·
1088 4814 1206 4867 iussione
1226 4814 1271 4880 0,·
1297 4812 1380 4867 lussio
1399 4814 1432 4876 V,·
1459 4812 1541 4866 iussio
1560 4813 1658 4880 (ocur.)
1677 4813 1730 4869 Ad.
1802 4811 1837 4867 de

184 4901 295 4956 domino
313 4919 362 4958 suo
381 4905 433 4971 Ad,
453 4905 508 4970 Ale,
528 4904 560 4972 B,
580 4904 628 4971 Bt,
646 4903 699 4971 Bp,
720 4903 777 4969 Gne,
796 4903 883 4970 Η,.1,
901 4904 934 4969 L,
954 4904 1014 4970 Po,
1036 4903 1094 4958 Ta.
1213 4900 1265 4956 fuit
1283 4903 1324 4956 tte
1341 4903 1406 4967 Atu-
1431 4901 1497 4956 Iecit
1514 4901 1571 4970 Itp,
1589 4901 1638 4957 Mt.
1671 4905 1680 4968 tt
1712 4901 1730 4952 l.
1748 4902 1772 4956 t.
1798 4901 1837 4971 st]

184 4991 209 5044 ei
228 4994 285 5048 Po.
368 4992 479 5047 iussioni
497 4993 551 5062 Ad,
569 4993 632 5060 Au,
652 4993 683 5058 B,
705 4992 761 5056 Gru,
779 4991 835 5046 tte.
927 4994 969 5045 set
986 4996 1031 5046 sP.
1122 4991 1178 5044 dur
1195 4992 1246 5058 tte,
1263 4993 1310 5045 sed
1327 4990 1443 5045 atterum
1460 4990 1572 5045 deletum
1590 4991 1623 5046 B.
1709 5007 1771 5044 eum
1790 4989 1837 5044 de·

183 5079 278 5135 tendat
296 5081 343 5150 Gt,
364 5082 429 5144 Tl‚·
456 5080 682 5136 defendentum
701 5081 769 5144 Pu·
799 5078 929 5135 defendet
948 5097 1010 5134 eum
1029 5080 1085 5144 sP,·
1112 5079 1243 5133 defendat
1261 5081 1313 5134 Ad.
1401 5079 1472 5134 filius
1492 5084 1543 5149 Ap,
1561 5081 1618 5148 eu,
1638 5079 1692 5147 rep,
1714 5079 1763 5146 tte,
1782 5085 1839 5144 eP‚·

183 5167 239 5224 filio
257 5170 290 5226 L.
380 5170 439 5225 eius
457 5172 526 5224 deest
543 5170 577 5237 L,
595 5170 652 5226 Pe.
684 5173 693 5236 ΙΙ
725 5169 743 5225 t.
759 5168 785 5224 8.
805 5172 833 5223 et
850 5169 882 5239 si]
901 5168 949 5223 sed
968 5170 1023 5226 Ale.
1104 5168 1151 5223 iile
1169 5168 1226 5223 dux
1246 5169 1279 5237 θ,
1300 5169 1367 5233 (ἔω,-
1394 5168 1451 5223 dux
1468 5170 1535 5236 Her,
1554 5168 1613 5224 Pe.
1686 5167 1786 5222 snserit
1804 5169 1835 5224 L.

138 5275 165 5314 es
183 5257 252 5313 eiius
269 5257 325 5314 dux
343 5261 438 5313 denunt
455 5259 513 5314 Pu.
571 5259 619 5326 qui
637 5260 705 5311 deest
723 5258 776 5328 Bp.
831 5258 921 5312 loonm
940 5257 1002 5324 eti,
1017 5258 1075 5327 Get,
1088 5258 1144 5314 Jtz.
1199 5274 1248 5312 suo
1267 5259 1313 5314 ΔΡ.
1367 5257 1474 5314 secedit
1490 5259 1560 5312 deest
1580 5259 1647 5321 1³6,-
1665 5256 1763 5311 acoidit
1781 5255 1838 5324 eu,

182 5347 207 5400 J
210 5367 221 5412 ,·
245 5347 358 5403 accedat
375 5349 436 5417 Ερῑ
456 5346 625 5402 ascendit
646 5347 703 5415 dtp,
721 5346 781 5411 Mn
806 5345 948 5401 accesserit
972 5347 1035 5412 ΑΔ,
1059 5346 1183 5402 succedit
1209 5349 1241 5412 G,
1266 5347 1303 5413 H,
1323 5347 1379 5414 ou,
1401 5347 1468 5410 ΤΔ,
1492 5346 1688 5401 successionem
1709 5345 1838 5399 admittet

183 5437 245 5493 Διά.
317 5435 449 5491 defendat
467 5453 531 5490 eum
548 5437 643 5490 desunt
660 5435 723 5491 Ata.

293 5619 321 5702 1)
342 5623 577 5696 essecutus
587 5603 692 5684 Levs'td
703 5622 732 5694 I,
744 5622 821 5694 367,·
836 5621 879 5682 Η.
893 5622 1039 5692 Bruuner,
1057 5621 1206 5682 ‘Berliner
1217 5620 1288 5681 SB!
1305 5621 1399 5689 1901,
1415 5639 1449 5694 p.
1462 5621 1537 5679 938.
1555 5619 1632 5693 stu
1649 5619 1771 5680 ‘Dee’
1786 5617 1836 5690 1²,

178 5751 210 5806 p.
225 5731 299 5791 553.
362 5726 395 5805 2)
416 5732 570 5804 faidosus,
586 5749 673 5807 perna
690 5731 786 5807 gitch,
804 5727 923 5788 ‘Belide'
940 5751 982 5776 =
998 5728 1169 5788 ininticitioe
1183 5728 1309 5788 omnium
1324 5727 1479 5802 expositus.
1496 5727 1634 5787 uminum
1649 5727 1725 5786 iuris
1739 5726 1835 5787 Eton-

135 5855 279 5900 sooorusn
307 5855 364 5897 uon
393 5838 629 5907 Boieooeionum
659 5840 700 5909 cf.
724 5835 766 5895 Η.
787 5836 934 5904 Brunner,
958 5833 1082 5896 ‘nse’
1107 5832 1157 5905 1¹,
1183 5855 1215 5911 p.
1241 5833 1317 5894 222.
1341 5833 1416 5905 457,
1448 5853 1475 5893 u.
1504 5833 1560 5904 16;
1596 5832 1638 5892 D.
1661 5851 1688 5892 v.
1712 5831 1835 5905 Kruu,

182 5942 287 6004 ‘Neues
310 5944 435 6004 Arctiv'
459 5943 649 6014 XXXVIII,
670 5964 703 6020 p.
721 5944 878 6004 28-31.
