4634 6420
469 455 532 518 184
915 457 997 515 LEX
1019 455 1333 516 BAIWARIORUM.
1358 485 1402 494 -
1425 453 1674 513 PRAEFATIO.

470 647 568 728 (XV,
586 649 633 731 5),
660 646 811 730 ‘implere'
830 667 894 731 pro
918 647 1076 726 ‘firmare’
1094 645 1214 726 (XVI,
1235 644 1291 727 11)
1315 651 1344 710 31
1365 646 1448 727 qnod
1470 646 1566 710 verbo
1590 645 1711 709 ‘contra
1734 644 1845 727 13333
1866 642 1995 724 (ΧΙΙΙ,
2013 643 2050 724 5)
2074 646 2123 709 de·
2174 607 2179 618 Ι

469 761 551 832 3331,
576 753 724 819 certiores
744 755 841 833 fimus
864 753 947 818 1333
969 753 1102 819 codicem
1126 759 1194 818 arte
1217 753 1384 818 cohaerere
1406 772 1475 816 cum
1498 751 1721 834 3113333333
1744 750 1900 834 descripto
1922 751 1978 816 sP.

575 893 631 980 16)
660 897 766 961 Codex
788 897 1046 961 membranaceus
1067 895 1195 959 archisi
1217 895 1365 960 ecclesiae
1388 893 1585 960 cathedralis
1602 893 1648 957 M
1650 893 1862 958 utinensis
1881 893 1909 970 I,
1927 900 1947 958 2
1972 890 2028 976 (Ξ
2047 892 2124 974 Ml)

466 1023 493 1066 3.
516 1003 552 1066 X
573 1023 637 1067 non
655 1009 728 1085 post
750 1023 872 1067 annum
897 1008 957 1068 991
984 1001 1180 1086 conscriptus
1202 1007 1231 1067 et
1721 1003 1722 1008 ’

577 1144 634 1225 17)
664 1144 768 1210 Codex
797 1146 1054 1209 membranaceus
1083 1143 1288 1210 bibliothecae
1315 1143 1482 1210 Gotlscnae
1511 1142 1636 1208 ducalis
1666 1163 1718 1207 nr.
1742 1148 1783 1207 64
1814 1165 1840 1207 3.
1867 1142 1933 1224 ΧΙ,
1964 1145 2157 1225 33331333

469 1251 616 1316 ecclesiae
636 1251 669 1316 S.
690 1251 835 1315 Martini
858 1251 904 1314 Μ
911 1271 930 1313 3
939 1273 994 1333 33
1006 1273 1027 1315 3
1040 1250 1078 1315 11
1089 1270 1173 1316 333
1196 1248 1253 1332 (=
1270 1249 1366 1330 Mo),
1391 1249 1547 1331 3133331311
1570 1249 1610 1315 ab
1628 1249 1807 1315 1.]1133131
1830 1251 1850 1314 l.
1867 1252 1888 1315 l.
1908 1273 1943 1334 3.
1961 1256 2024 1314 596
2041 1250 2124 1332 333.1

468 1364 496 1422 31
524 1363 669 1440 601333.
728 1362 926 1439 Quamquam
959 1357 1012 1423 1113
1041 1358 1137 1423 coclea
1170 1378 1208 1422 ec
1243 1357 1346 1422 codice
1376 1356 1560 1422 Mutinensi
1594 1356 1659 1436 (nr.
1691 1354 1747 1437 16)
1781 1377 1846 1422 non
1875 1362 1921 1422 est
1951 1357 2122 1438 derivatus,

470 1471 576 1529 tanen
610 1485 679 1529 cum
713 1463 767 1528 illo
803 1464 990 1530 coniunctus
1023 1471 1076 1529 est.
1138 1463 1325 1529 Generatim
1360 1483 1425 1529 non
1459 1463 1551 1529 valde
1584 1463 1671 1528 inter
1703 1483 1736 1527 se
1774 1463 1969 1545 discrepant,
2007 1463 2125 1528 multae

471 1571 616 1637 lectiones
650 1592 713 1636 non
744 1571 843 1654 parci
878 1571 1026 1637 momenti
1059 1571 1104 1636 iis
1136 1571 1214 1636 solis
1251 1570 1378 1651 insunt,
1419 1577 1456 1634 ul
1493 1569 1624 1635 ‘tulerit'
1658 1591 1717 1652 pro
1757 1569 1902 1649 ‘fuderit’
1937 1570 2017 1651 (IV,
2054 1568 2123 1649 21),

472 1677 675 1760 *13333333
705 1699 766 1759 pro
801 1677 981 1760 ‘incestum’
1017 1677 1162 1760 31133333
1196 1677 1284 1742 laud
1310 1697 1447 1762 paucae.
1509 1676 1618 1756 Adde,
1657 1677 1741 1758 quod
1777 1675 1813 1741 13
1852 1682 1982 1758 utroque
2019 1677 2170 1742 codicem

470 1783 579 1849 33313
624 1785 729 1867 capita
768 1784 807 1849 ab
852 1783 947 1849 initio
984 1805 1081 1867 33333
1126 1785 1170 1848 ad
1206 1785 1304 1864 11333
1351 1783 1500 1849 continuo
1537 1789 1705 1848 numerata
1750 1789 1833 1848 3331.
1906 1782 1970 1865 Qui
2013 1785 2125 1849 modus

470 1891 662 1956 numerandi
685 1897 856 1974 praeterea
891 1912 955 1956 non
988 1891 1056 1956 nisi
1090 1891 1126 1956 in
1161 1891 1321 1956 codicibus
1349 1891 1421 1968 Ac,
1453 1890 1535 1969 Ald,
1567 1891 1626 1956 113
1659 1890 1725 1972 (nr.
1758 1889 1915 1970 31-33)
1949 1891 2123 1956 inuenitur.

470 1995 584 2062 Etiam
612 1996 711 2062 133133
740 1997 879 2080 capitum
910 2019 974 2062 non
1003 2004 1049 2063 331
1078 1996 1162 2063 idem
1192 1997 1249 2079 331
1277 1997 1314 2062 13
1344 1997 1453 2062 celeris
1488 1995 1653 2062 codicibus.
1712 1997 1751 2062 Si
1775 1997 1857 2063 33133
1882 1997 2029 2078 volueris,
2063 2018 2123 2081 333

470 2109 603 2184 temporo
632 2105 676 2169 sit
704 2106 801 2170 codex
827 2105 882 2169 Mt
911 2105 1114 2188 conscriptus,
1149 2103 1185 2170 id
1211 2125 1250 2169 33
1279 2103 1463 2169 calendario
1495 2103 1546 2168 illi
1576 2103 1700 2169 adiecto
1729 2105 1810 2186 quod
1840 2126 1909 2170 cum
1939 2125 2026 2170 anno
2057 2111 2119 2171 991

470 2209 597 2294 incipit,
632 2211 728 2291 133113
759 2233 940 2294 33333333·
973 2235 1014 2277 erc
1047 2211 1213 2295 3333331333
1247 2232 1316 2275 eum
1350 2211 1455 2275 eodem
1489 2217 1624 2291 1333333
1657 2211 1705 2275 331
1732 2211 1833 2293 paulo
1863 2217 1938 2276 ante
1967 2211 2123 2278 exstitisse
2143 2230 2168 2270 1⁵

467 2338 615 2382 conscios.

577 2459 633 2540 19)
670 2460 774 2526 Oodca
804 2482 904 2545 33333
929 2485 964 2545 p.
985 2468 1047 2526 192
1078 2460 1256 2544 descriptus
1285 2458 1366 2541 (K)
1401 2460 1457 2542 331
1490 2461 1547 2526 lroc
1585 2467 1720 2544 tempore
1756 2461 1798 2526 in'
1832 2461 1962 2526 arclrioo
1999 2461 2123 2526 castelli

470 2568 509 2630 K
518 2568 529 2632 l
540 2566 666 2633 itsclr
681 2570 704 2632 d
715 2589 762 2631 or
774 2569 796 2648 f
813 2575 1019 2634 conseruntur
1041 2569 1123 2650 33331
1146 2589 1243 2633 comes
1265 2569 1304 2633 de
1327 2564 1584 2633 Solum-Baculo
1602 2568 1752 2649 possidet.
1883 2589 1885 2594 ·

573 2711 681 2776 Alteri
716 2710 810 2775 seriei
845 2711 966 2792 aliquot
1001 2711 1120 2776 codices
1153 2710 1391 2776 adnumerandi
1424 2717 1498 2775 3331
1530 2709 1587 2793 331
1620 2709 1734 2789 formis
1768 2709 1946 2776 latinitatis
1980 2709 2124 2794 33133313

467 2817 650 2882 abundant:
1442 2860 1445 2866 ,
2141 2837 2167 2876 2⁰

577 2939 633 3022 19)
658 2942 762 3008 Coelen
777 2944 1034 3008 membranaceus
1050 2943 1253 3009 bibliothecae
1266 2941 1489 3007 universitatis
1503 2941 1714 3008 Monacensis
1730 2941 1802 3008 Ood.
1816 2942 1884 3006 Ms.
1900 2949 1972 3021 132,
1986 2943 2031 3024 8⁰,
2047 2941 2121 3008 olim

468 3048 710 3114 3313333113133
727 3049 779 3113 13
784 3050 849 3132 331
855 3048 1071 3116 3133133313
1095 3048 1153 3129 (=
1170 3051 1217 3133 1)
1237 3055 1266 3115 31
1283 3048 1548 3129 Landslrulensis,
1567 3048 1806 3114 accuratissime
1823 3048 1928 3114 literis
1945 3049 2124 3115 minoribus

470 3155 674 3237 conscriptus.
721 3157 783 3221 Est
817 3158 913 3221 eaden
942 3156 1080 3222 omnium
1114 3157 1169 3239 331
1198 3162 1333 3236 eastanl,
1367 3155 1612 3238 antiquissimus
1638 3155 1990 3237 1333Β3133313133.
2044 3155 2122 3222 Oum-

469 3261 619 3326 Mederer
648 3264 770 3328 saeculo
800 3269 905 3328 octavo
929 3285 999 3329 eum
1021 3263 1193 3330 attribuere
1214 3262 1296 3342 33111,
1328 3284 1383 3346 333
1413 3285 1483 3328 eum
1513 3263 1602 3328 houd
1625 3262 1723 3344 prius
1751 3283 1847 3345 3333
1880 3263 2003 3328 ultimis
2025 3263 2123 3328 annis

469 3368 565 3432 13133
586 3369 706 3434 3333311
728 3370 776 3435 331
793 3370 958 3454 3313313313
980 3370 1101 3436 saeculi
1133 3371 1212 3434 3331
1241 3376 1408 3435 exaratum
1436 3391 1501 3434 esse
1531 3370 1725 3434 contendam.
1776 3369 1894 3435 133133
1916 3369 2033 3435 codicis
2062 3391 2123 3451 333
2141 3389 2167 3428 n

340 3501 347 3514 ·
468 3475 559 3540 nisus
581 3475 732 3542 Mederer
753 3477 921 3542 editionem
939 3483 1119 3560 paraverat
1141 3474 1199 3558 (31.
1222 3475 1317 3555 infra
1337 3497 1370 3560 p.
1393 3475 1471 3558 189)
1495 3483 1525 3542 31
1546 3495 1636 3557 onem
1659 3477 1696 3542 J.
1712 3475 1840 3542 Merkel
1862 3477 1882 3542 l.
1903 3476 1923 3540 l.
1942 3497 1977 3560 p.
1996 3481 2121 3558 55433.

469 3581 644 3666 descripsit,
668 3581 812 3646 31333131
832 3580 947 3660 formis
969 3603 986 3646 e
1008 3601 1148 3647 sermone
1170 3581 1296 3663 3313331
1319 3581 1517 3666 depromptis.

575 3726 633 3806 20)
674 3724 778 3789 Codex
807 3724 1063 3788 mmtbranacens
1085 3724 1291 3790 Monacensis
1320 3724 1428 3809 333133
1460 3723 1584 3790 latinas
1611 3731 1726 3804 19415,
1754 3727 1913 3808 qnondam
1935 3726 2124 3792 monasterii

472 3829 842 3914 Teyernseensis
869 3836 952 3894 1415
984 3826 1086 3912 (TI)
1115 3853 1140 3895 s.
1163 3831 1200 3895 X
1228 3851 1298 3897 333
1329 3832 1515 3897 correcturis
1543 3854 1568 3898 s.
1591 3832 1674 3897 XII
1696 3833 1906 3914 3131333133.
1928 3833 2008 3914 XV,
2033 3855 2122 3917 3333

469 3939 595 4004 Mutet
618 3938 638 4004 l.
663 3939 684 4004 l.
707 3961 739 4022 p.
758 3943 947 4002 556-556
971 3936 1146 4019 descripsit.
2141 3958 2168 3997 so

576 4071 634 4152 21)
669 4073 775 4138 (lodex
798 4069 1005 4136 Monacensis
1027 4071 1135 4155 333133
1157 4071 1279 4136 1311333
1304 4078 1399 4152 1636,
1425 4072 1517 4156 copia
1540 4093 1564 4138 3.
1587 4071 1726 4137 XVIII
1743 4073 1862 4139 codicis
1885 4071 1953 4137 Τ1.

576 4203 632 4290 22)
672 4207 776 4272 Codex
804 4206 1062 4271 membranaceus
1089 4205 1298 4271 Monacensis
1332 4206 1440 4290 333133
1470 4206 1592 4271 1311333
1614 4213 1711 4286 4639,
1744 4209 1904 4289 33333133
1936 4208 2126 4274 monosterii

469 4311 918 4378 Β333311313133331
941 4311 1051 4393 (Bo).
1098 4313 1169 4377 Len
1192 4311 1435 4378 Baiwariooum
1462 4312 1499 4377 in
1516 4312 1738 4395 prioreparte
1761 4313 1879 4379 33311313
1901 4314 2126 4396 3133113333

468 4443 494 4486 3.
513 4419 597 4484 XII
617 4420 736 4502 3331313
758 4425 811 4499 331,
836 4419 877 4499 cf.
902 4419 1030 4484 Merlcel
1052 4419 1072 4484 l.
1098 4420 1118 4483 l.
1143 4440 1177 4500 1³·
1204 4425 1267 4484 564
1283 4439 1328 4501 33.
1377 4419 1484 4483 13133
1514 4418 1626 4484 ceteris
1654 4426 1698 4484 331
1729 4420 1861 4500 breuior,
1893 4442 1962 4487 cum
1989 4420 2125 4504 1333313

470 4527 571 4592 tiones
593 4525 733 4610 3331133
756 4525 990 4591 111311-ΙΙ
1007 4525 1123 4591 desint.
2143 4544 2169 4584 3

578 4649 635 4729 23)
671 4650 775 4716 Codex
798 4649 1004 4716 Monacensis
1026 4650 1135 4733 333133
1159 4651 1283 4716 latinns
1308 4655 1403 4730 1635,
1428 4649 1520 4734 copia
1542 4671 1568 4714 s.
1590 4651 1729 4716 XVIII
1748 4651 1865 4717 codicis
1886 4650 1948 4716 Bo.

578 4775 637 4857 24)
677 4774 783 4841 03133
818 4777 1073 4842 mernbranaceus
1094 4774 1306 4841 Monacensis
1335 4775 1443 4858 333133
1472 4775 1593 4840 latinus
1617 4782 1703 4840 5269
1726 4798 1751 4841 3.
1774 4775 1862 4857 XII,
1892 4777 1968 4842 olim
1998 4778 2124 4842 canoni·

470 4903 578 4948 corum
612 4880 1013 4948 Ciiemseensium
1048 4904 1099 4948 nr.
1134 4890 1172 4948 10
1208 4879 1317 4965 (011),
1353 4888 1418 4947 tum
1453 4881 1639 4947 consiliarii
1668 4883 1703 4948 J.
1739 4882 1775 4949 C.
1806 4885 1844 4948 de
1873 4883 2017 4967 1333331.
2070 4882 2123 4963 01.

470 4989 598 5054 Merkel
619 4990 639 5054 l.
664 4990 685 5054 l.
704 5010 738 5071 3.
757 4994 954 5053 556-561.

578 5113 636 5196 25)
672 5111 776 5179 031133
798 5113 1007 5179 Monacensis
1029 5134 1093 5196 333.
1119 5113 1240 5178 1311333
1263 5119 1350 5178 3519
1372 5135 1397 5180 s.
1417 5112 1507 5178 XII.
1550 5113 1681 5179 Tectum
1704 5113 1783 5196 13313
1804 5112 2047 5180 Β3133313333
2069 5115 2125 5197 331
2140 5135 2169 5175 3

470 5221 526 5286 troc
558 5220 660 5286 codice
689 5219 876 5298 continetur,
907 5240 945 5286 33
976 5220 1040 5286 cod.
1071 5219 1118 5286 oo
1139 5225 1296 5302 sumptum
1325 5223 1396 5285 esse
1416 5219 1454 5285 in
1478 5219 1533 5285 ‘N.
1557 5220 1694 5286 Arclrio’
1716 5220 1914 5302 XXXVII,
1934 5245 1969 5306 3.
1986 5228 2050 5289 416
2074 5223 2124 5288 de·

470 5327 666 5410 monstravi,
700 5327 742 5407 31.
775 5326 871 5392 31133
899 5326 1245 5410 &sirmeum-Siccae
1272 5325 1562 5393 ‘Altltoclrdeutsclse
1588 5328 1736 5394 Glossen’
1763 5335 1833 5394 tom.
1858 5329 1917 5394 IV
1937 5351 1972 5412 p.
1997 5334 2122 5413 52133.

579 5572 609 5660 1)
639 5581 763 5642 Praeter
791 5582 927 5657 33333313
957 5581 1090 5641 1331333
1113 5579 1295 5641 3113313113
1324 5581 1445 5641 laudata
1474 5582 1646 5654 3331333333
1672 5581 1834 5644 3331Μο.
1858 5583 1924 5644 DL.
1948 5583 2121 5659 Heu&
2214 5654 2221 5668 ⁶

470 5687 511 5747 K.
527 5688 676 5760 1313333
699 5689 730 5748 in
753 5687 874 5748 editione
897 5687 967 5763 13313
983 5687 1224 5758 Alamannorum,
1246 5705 1338 5762 snpra
1354 5706 1388 5762 p.
1407 5689 1449 5749 12
1471 5693 1499 5762 31
1523 5686 1594 5748 Gon.
1618 5689 1655 5748 A.
1671 5688 1781 5761 Dondi,
1801 5689 1926 5750 ‘Notieie
1947 5690 2068 5751 storicln
2089 5692 2124 5751 od

470 5795 618 5855 3311311313
639 5795 685 5856 del
707 5795 808 5854 duomo
831 5795 863 5855 di
885 5792 1020 5854 Modmo'
1045 5794 1164 5862 (1896)
1184 5813 1218 5870 p.
1235 5795 1352 5870 27333.
2141 5810 2168 5850 a
