4634 6420
632 524 751 580 LEGES
773 523 1081 582 ALAMANNORUM.
1105 555 1146 567 —-
1168 527 1253 582 LEX.
1297 526 1448 584 INDICES
1470 527 1505 582 A.

229 709 257 760 8.
689 711 714 760 9.
1129 711 1170 761 10.
1575 710 1617 758 11.

87 804 134 858 95.
188 803 222 860 Si
277 806 343 878 quis
395 815 463 878 poet
651 801 695 852 89.
1098 803 1141 856 et.
1440 804 1488 860 93.
1518 805 1563 859 De
1587 821 1632 872 eo,
1663 803 1712 875 qui
1734 807 1802 875 post

50 907 125 961 finita
148 925 243 962 eausa
264 909 373 964 iterum
392 911 460 964 mal·
1395 906 1505 962 finitam
1551 913 1580 961 et
1621 906 1802 961 emendatam

51 1011 106 1066 lare
128 1011 270 1068 veluerit.
1398 1027 1514 1064 causam
1568 1009 1687 1064 mallare
1737 1026 1801 1080 pre-

1400 1113 1562 1184 sumpserit.
1869 1075 1881 1175 J

91 1217 140 1270 96.
184 1217 215 1273 si
253 1218 318 1290 quis
352 1219 462 1275 femina
691 1248 697 1260 ·
1137 1251 1142 1262 ·
1442 1217 1490 1271 94.
1514 1217 1559 1271 De
1580 1234 1624 1286 ee,
1649 1215 1698 1287 qui
1719 1216 1800 1271 femi·

53 1319 144 1374 libera
153 1321 459 1398 eelpupereusse[rit].
1397 1337 1464 1373 nem
1502 1319 1658 1392 ingenuam
1696 1319 1801 1375 eelobo

1396 1423 1583 1494 percusserit.

96 1527 143 1580 97.
187 1529 235 1582 De
268 1530 379 1583 metult
414 1530 460 1584 vel
689 1560 695 1572 ·
1136 1563 1141 1573 ·
1441 1527 1490 1582 95.
1522 1528 1567 1582 De
1598 1544 1642 1594 ee,
1672 1527 1721 1598 qui
1744 1545 1800 1581 me·

60 1645 172 1684 carruca
195 1630 334 1686 invelata.
1399 1630 1504 1685 dellam
1556 1635 1605 1684 eut
1656 1647 1803 1685 carrucam

1398 1733 1517 1789 alteriue
1541 1733 1721 1788 involaverit.

99 1835 145 1889 98.
190 1835 220 1890 Si
254 1837 319 1908 quis
360 1839 459 1909 pur-iae
1136 1868 1142 1880 ·
1441 1837 1489 1891 96.
1512 1838 1558 1892 De
1581 1853 1625 1904 eo,
1654 1837 1703 1908 qui
1724 1836 1801 1908 puri-

61 1937 193 1992 ineederit
222 1939 268 1993 vel
304 1939 457 1996 introierit.
1399 1957 1446 1994 eas
1469 1941 1499 1994 in
1515 1939 1587 1994 silva
1604 1957 1743 2012 pecorum
1758 1941 1800 1993 in-

1 2095 2 2098 ,
1398 2044 1536 2099 cenderit.

1 2171 5 2254 r
99 2245 143 2299 99.
182 2246 214 2301 Si
243 2247 308 2319 quis
341 2264 459 2320 gregem
1135 2284 1142 2298 ·
1441 2249 1490 2303 97.
1509 2249 1555 2304 De
1572 2265 1616 2318 eo,
1640 2248 1688 2320 qui
1703 2265 1801 2321 regern

65 2349 92 2400 de
116 2349 235 2418 porcis*
258 2349 389 2404 iumenta
409 2368 458 2420 pe·
1398 2351 1563 2406 animalium
1583 2352 1612 2406 in
1628 2370 1741 2425 pugnus
1757 2358 1800 2407 tu-

66 2467 122 2504 (era
143 2453 379 2524 pigneraveritfl.
1396 2456 1463 2510 lerit
1501 2461 1529 2510 et
1561 2456 1725 2527 porcarium
1754 2455 1800 2510 vel

2 2557 18 2612 ἰ
1398 2566 1510 2614 eeteros
1539 2566 1672 2630 pastores
1701 2558 1799 2631 flegel-
1889 2589 1911 2622 ,ς

1397 2663 1509 2718 laverit.

118 2962 187 3016 100.
234 2963 280 3017 De
320 2980 387 3017 urso
431 2969 460 3017 et

1 3125 2 3134 ἵ
78 3063 145 3118 elias
176 3065 254 3119 feras
285 3063 458 3139 invola[tas].

97 3677 164 3730 101.
188 3675 219 3730 Si
244 3668 390 3748 aliesnusb
415 3693 458 3729 ea.
1136 3703 1141 3713 .
1441 3659 1489 3713 98.
1505 3660 1608 3729 Dece,
1626 3661 1674 3731 qui
1686 3659 1798 3715 bisson-

57 3777 152 3852 vallJus
189 3778 337 3833 hominem
376 3778 459 3852 0e[ei-
1396 3767 1454 3816 tem
1493 3769 1542 3818 aut
1578 3763 1717 3818 bubalum
1739 3757 1799 3840 {vel

57 3875 168 3955 deritlb.
1397 3872 1494 3920 cetera
1517 3865 1653 3920 animalia
1680 3873 1729 3921 aut
1755 3866 1798 3920 fu·

95 3987 162 4040 102.
187 3985 218 4040 Si
233 3985 269 4039 de
291 4002 361 4055 sepe
377 3985 462 4040 saliet
1396 3968 1502 4023 raverit
1524 3975 1575 4024 aut
1597 3969 1745 4025 occiderit.

57 4104 86 4140 ae
107 4095 314 4159 transpunctus
336 4087 431 4142 fuerit.

162 5297 191 5361 a)
212 5313 283 5361 pore.
304 5299 384 5347 inerte
403 5299 420 5361 Ῑ)
439 5315 468 5348 re
486 5301 539 5364 pig.
559 5299 585 5353 8.
661 5299 689 5364 b)
710 5301 762 5351 elie
776 5340 867 5352 .....
882 5318 913 5351 us
932 5297 1031 5352 homin:
1054 5317 1094 5352 oe.
1117 5295 1142 5351 8.
