4634 6420
476 501 518 556 vl
1188 496 1290 552 PRAE
1297 494 1419 552 FATIO.

477 673 608 745 riarum
632 678 788 765 receptae
815 674 894 760 sint,
922 673 1073 762 intepras
1097 676 1128 742 ct
1150 669 1338 742 inmutatus
1355 667 1500 757 referre.
1541 667 1653 757 Quam
1672 691 1745 740 rem
1763 668 1825 741 trac
1842 668 1944 739 modo
1972 667 2143 760 explicari

473 833 575 902 posse
611 811 770 898 cretton,
808 811 899 902 quod
935 830 976 880 ea
1012 809 1195 900 archetypo
1232 805 1352 900 linqua
1392 805 1531 897 culpari
1571 807 1723 896 confecto
1763 829 1871 878 renum
1907 805 1960 878 ool
1995 805 2142 878 alterum

479 950 655 1044 exemplar
684 955 805 1040 postea
841 949 878 1020 iu
910 970 1015 1039 repno
1041 947 1258 1019 Francorum
1296 969 1318 1017 a
1353 944 1466 1018 serila
1504 945 1652 1036 quodam
1685 945 1724 1016 in
1756 943 1950 1036 politiorem
1986 945 2141 1038 linpuam

479 1091 729 1180 transcriptum
764 1088 1030 1178 fundamentum
1057 1085 1210 1158 codicum
1244 1090 1355 1156 tentas
1380 1082 1457 1156 III.
1487 1080 1648 1154 Merkelii
1678 1082 1804 1174 faerit,
1839 1107 1917 1157 cam
1948 1087 1987 1156 in
2020 1085 2141 1158 ceteris

480 1226 665 1316 codicibus,
680 1228 741 1319 qui
757 1225 984 1313 uetustiorem,
999 1225 1038 1295 id
1056 1230 1103 1297 est
1118 1223 1295 1315 vulparem
1308 1223 1473 1314 linquam,
1486 1222 1700 1310 retinuerint,
1720 1228 1828 1295 leatus
1841 1222 1875 1293 l.
1886 1221 2050 1295 Merkelii
2067 1247 2140 1296 ser-

479 1372 631 1438 varetur.
659 1365 787 1454 Quibus
805 1363 1106 1436 deliberationibus
1125 1368 1307 1434 omumotas
1322 1360 1369 1433 E.
1382 1363 1424 1433 de
1438 1355 1603 1434 Sclwind
1618 1360 1656 1431 in
1675 1362 1880 1433 adornando
1901 1361 1965 1433 loo
1981 1363 2141 1451 editione,

480 1525 583 1596 quarn
604 1505 725 1596 potius
743 1505 782 1574 in
798 1525 899 1575 asum
925 1500 1277 1589 iurisconsultorum,
1303 1522 1375 1571 noa
1395 1498 1645 1592 philoloporum
1670 1497 1868 1586 foeimodam
1887 1523 1959 1573 esse
1976 1505 2141 1590 crederet,

480 1647 607 1714 tratum
635 1639 714 1714 ΠΙ.
735 1639 897 1713 Merkelii
921 1641 1156 1731 recipiendum
1183 1661 1255 1711 esse
1280 1639 1427 1730 putauit,
1455 1637 1533 1711 licet
1561 1640 1696 1712 codices
1723 1638 1840 1731 linpua
1869 1639 2029 1733 politiore
2059 1663 2140 1714 oon·

480 1782 603 1872 scripti
629 1780 707 1854 siat.
762 1779 875 1868 Qum
899 1779 1067 1850 rationem
1094 1783 1125 1850 et
1149 1780 1242 1850 cnam
1275 1801 1313 1850 eo
1349 1776 1505 1849 libentius
1538 1780 1577 1850 in
1610 1778 1749 1850 martis
1781 1776 1909 1868 umas
1935 1779 2141 1871 sequendam

480 1941 553 1991 esse
575 1918 724 2010 portavit,
751 1917 833 2009 qnia
861 1915 1078 2006 differentiae
1105 1923 1137 1989 et
1161 1916 1414 2008 discrepantiae
1438 1917 1616 2008 utriusque
1643 1921 1763 2008 mulus,
1798 1921 1835 1987 ut
1862 1918 1935 1988 iam
1961 1916 2142 1990 Heuricns

479 2058 648 2130 Brunner
665 2058 882 2155 copnmrisset,
897 2054 991 2126 laud
1008 2054 1124 2146 ruopni
1135 2054 1295 2126 momenti
1313 2060 1434 2127 essent.
1464 2053 1568 2126 Hanc
1584 2055 1775 2146 opinionem
1788 2055 1964 2128 Henricus
1974 2051 2142 2128 Bruuner

480 2201 559 2268 teste
584 2195 735 2268 Ilrnesto
761 2197 804 2267 de
829 2191 992 2267 Sclwind
1017 2191 1259 2284 conprobauit.

584 2331 670 2405 Cum
696 2334 768 2404 iam
796 2339 865 2406 tota
890 2334 968 2424 sere
995 2332 1049 2404 len
1072 2330 1209 2424 prelum
1235 2331 1390 2414 subisset,
1417 2331 1571 2406 Hearico
1595 2333 1764 2405 Brunner
1788 2339 1819 2405 et
1838 2331 1973 2404 Karola
1991 2333 2142 2406 Zeumer

480 2471 664 2562 defunctis,
692 2471 866 2545 Aemilius
901 2470 1017 2544 Seolcel
1052 2469 1083 2542 l.
1111 2493 1166 2558 m,
1207 2472 1307 2542 cuius
1343 2491 1448 2542 arrae
1482 2476 1561 2562 post
1596 2470 1789 2544 Henricum
1829 2471 1998 2544 Brunner
2035 2472 2141 2544 series

479 2611 587 2701 lepum
609 2609 897 2683 Germanicarum
925 2609 1105 2682 commissa
1122 2614 1207 2695 erat,
1233 2607 1429 2679 indubium
1450 2610 1599 2699 uocauit,
1625 2633 1708 2682 num
1727 2609 1899 2683 Ernestus
1917 2611 1959 2682 de
1976 2609 2142 2684 Satnind

478 2755 570 2822 recle
600 2749 796 2837 iudicasset,
824 2751 1085 2841 proposuitque,
1120 2753 1157 2818 ut
1183 2747 1308 2818 Bruuo
1335 2745 1477 2820 Krasolo
1510 2754 1541 2819 et
1568 2747 1740 2820 Dimastos
1767 2746 1954 2841 Hepmoan
1988 2750 2030 2821 de
2061 2770 2141 2821 eon·

477 2885 558 2959 silio
584 2893 616 2959 et
641 2889 776 2959 rollone
802 2886 965 2959 editionis
992 2887 1038 2958 ad
1064 2884 1264 2958 Societatem
1291 2886 1488 2976 aperiendis
1514 2885 1667 2975 fontibus
1693 2887 1827 2960 &rum
1852 2885 2141 2960 Geromuiearum

479 3023 592 3097 Medii
633 3021 719 3096 Auri
758 3027 891 3115 referre
931 3023 1140 3096 iuberentur.
1205 3023 1270 3113 Qun
1309 3047 1520 3116 quamquam
1561 3026 1745 3097 sententias
1792 3025 1981 3115 separatim
2027 3025 2140 3117 scrip-

477 3167 608 3251 serunt,
644 3167 780 3251 tectum,
822 3185 921 3255 quem
956 3162 1126 3234 Ernestns
1161 3163 1203 3234 de
1238 3157 1403 3234 Salwind
1434 3165 1621 3254 praecipue
1655 3169 1789 3236 sendus
1824 3171 1882 3254 est,
1918 3167 2141 3237 recentiorem

478 3300 629 3388 sormam
657 3299 739 3392 lepis
767 3303 805 3372 in
831 3303 966 3394 ropione
991 3301 1208 3373 Francorum
1236 3303 1438 3374 emendatae
1465 3323 1547 3390 esse,
1575 3307 1685 3373 metus
1710 3307 1834 3389 aumm,
1861 3324 1945 3393 qnos
1963 3302 2142 3374 lohannes

478 3437 616 3512 Merkel
645 3438 800 3530 primum
836 3445 867 3511 el
904 3441 1091 3513 secundum
1124 3439 1328 3528 nominauit,
1361 3442 1523 3532 propiore
1558 3439 1758 3531 copnolimee
1796 3439 1999 3530 muntem
2036 3440 2140 3532 lepem

477 3579 668 3668 continuere
701 3582 958 3666 conseruerunt,
994 3577 1203 3670 oramusque
1229 3578 1354 3650 Bruno
1382 3577 1522 3652 Krusclt
1556 3601 1632 3651 arm
1665 3579 1855 3670 sapocilate
1889 3579 2141 3673 adtilitatepue

477 3716 597 3790 mullis
624 3715 795 3789 codicibus
822 3715 983 3789 adlilitis
1008 3737 1132 3788 mrum
1164 3723 1306 3788 stemma
1332 3715 1504 3788 constitnit
1531 3722 1563 3788 at
1589 3717 1630 3788 de
1654 3739 1693 3788 re
1718 3718 1759 3787 iu
1794 3715 1891 3806 libro,
1926 3718 1985 3791 cui
2018 3718 2140 3791 titulus

477 3862 525 3927 est
550 3855 642 3945 „Die
669 3855 745 3928 Len
766 3855 1061 3944 Bop'uwariornm,
1091 3852 1369 3944 Teutpesoliclete,
1397 3853 1787 3943 Handsaltritlentuitilo
1813 3856 1889 3928 und
1914 3855 2140 3948 Eutstetunp,

476 3991 602 4065 Berlin
620 3993 752 4083 1924‘2
782 4016 915 4065 summo
942 4016 1019 4066 curn
1037 3993 1194 4065 doctrina
1221 3992 1298 4084 epit,
1324 4015 1433 4083 neque
1459 3991 1572 4064 minus
1589 3990 1764 4064 Erueslus
1783 3991 1969 4086 Heumann
1986 3994 2026 4066 in
2050 4017 2140 4068 com·

476 4133 643 4204 menlaria
672 4133 771 4220 „Zur
795 4131 985 4203 Tentlritil·
1010 4131 1074 4202 der
1097 4129 1172 4202 Leo
1195 4127 1516 4220 BaJ'naoriornm“‚
1543 4133 1581 4202 in
1599 4129 1804 4222 „Papsttum
1828 4132 1902 4203 und
1927 4129 2140 4223 Kaisertum,

477 4268 570 4341 Pard
604 4268 701 4341 Ketu·
738 4268 973 4358 darpelroalt,
1008 4267 1342 4356 Minelen1926“,
1378 4268 1579 4361 disputavit.
1643 4267 1750 4340 Tituli
1786 4275 1817 4341 et
1855 4269 2010 4363 capitula
2034 4269 2141 4361 Lepis

477 4404 747 4495 Baiuariornm,
773 4377 960 4498 dequibus
978 4405 1121 4479 Kruscle
1147 4406 1385 4500 etHeymann
1412 4407 1659 4495 disseruerunt,
1686 4407 1723 4479 in
1752 4407 1822 4496 fine
1849 4407 1953 4480 laius
1979 4407 2141 4481 aldionis

476 4550 733 4617 enumerantur.
786 4543 907 4637 Neque
937 4546 1282 4637 praetermittendam
1315 4567 1385 4618 esse
1410 4551 1577 4638 putamen
1610 4546 1850 4634 recensionem,
1890 4569 1994 4639 quam
2020 4545 2139 4620 Fron·

476 4685 587 4757 ciscas
614 4681 756 4775 Reperle
782 4683 824 4755 de
851 4682 937 4756 libra
955 4684 1177 4756 Krasoltiana
1204 4686 1401 4777 nuperrime
1428 4687 1466 4756 in
1494 4679 1884 4777 Sooionp·Zeilsctrift
1909 4687 1974 4775 fiir
1992 4685 2138 4759 Rectets·

472 4821 671 4912 pesolucltte,
696 4821 761 4894 ool.
780 4823 840 4910 45,
863 4847 902 4914 p.
922 4824 994 4895 416
1000 4825 1106 4896 -57
1131 4826 1170 4895 in
1189 4823 1367 4915 pullicum
1394 4823 1567 4916 prodidit.

587 4959 712 5032 Veram
738 4981 809 5033 6336
839 4962 1041 5034 seutentiam
1067 4963 1272 5051 indicamus,
1300 4963 1450 5036 codicem
1478 4961 1681 5036 Vatiamrum
1708 4987 1776 5037 non
1811 4972 1938 5038 tentum
1974 4963 2140 5054 oripinali

337 5213 340 5218 Ι
477 5100 541 5191 tepi
566 5097 860 5192 propinquiorem,
888 5103 950 5172 sed
974 5108 1101 5175 tentam
1119 5101 1283 5174 (loratino
1301 5102 1439 5174 demum
1465 5109 1612 5193 turpare
1638 5101 1702 5190 (ea
1729 5109 1820 5176 tentn
1840 5103 1957 5195 primo
1977 5101 2140 5176 Merlcelii

475 5242 545 5311 siae
579 5263 620 5312 en
654 5239 762 5310 sindli
797 5240 907 5327 tenter)
943 5242 1160 5313 emendatum
1188 5241 1374 5332 praebere:
1401 5245 1550 5313 attamen
1586 5241 1675 5314 lana
1709 5241 1889 5314 editionem
1917 5241 1960 5314 ol
1986 5241 2138 5314 Eruesto

360 5410 361 5413 ¹
477 5379 518 5450 do
536 5377 699 5452 Selwind
725 5378 913 5468 consectam
931 5380 1048 5470 mopni
1068 5378 1177 5470 pretii
1203 5383 1233 5450 et
1261 5379 1310 5449 ad
1331 5377 1586 5470 perquirendas
1613 5402 1667 5452 res
1693 5381 1799 5453 medii
1825 5382 1901 5453 aeoi
1926 5381 2141 5472 maeinaeque

475 5517 656 5589 historiam
699 5516 810 5608 tepum
848 5515 1136 5588 Germanicarum
1176 5515 1363 5608 perutilem
1404 5537 1476 5588 esse
1516 5537 1709 5607 cassamus·
1748 5540 1832 5592 nan
1871 5523 1982 5590 tentus
2026 5539 2138 5589 auen·

476 5657 580 5728 dotus
614 5656 750 5748 laneum
785 5662 917 5746 tempus
949 5656 986 5726 in
1021 5655 1178 5728 manibus
1212 5657 1367 5730 iudicum
1400 5663 1476 5729 erat
1512 5664 1544 5729 et
1576 5656 1614 5728 in
1651 5658 1724 5729 oila
1752 5657 1898 5750 prullico
1932 5653 2040 5728 multa
2070 5677 2140 5746 per

473 5793 612 5866 seracula
650 5793 804 5884 ripeta&
841 5795 971 5866 accedit
1011 5796 1102 5885 quad
1136 5795 1175 5865 iu
1211 5795 1357 5868 editione
1384 5791 1632 5869 Sclnoindioua
1662 5795 1871 5887 audeonus
1907 5793 2066 5868 lectiones
2100 5794 2139 5864 in
