4634 6420
637 507 758 565 LEGES
780 507 1091 566 ALAMANNORUM.
1120 543 1156 551 -
1180 509 1408 567 PRAEFATIO.
1818 506 1853 568 ll

192 713 254 776 que
279 689 447 755 codicibus
471 689 500 752 Β
524 690 609 752 idem
632 698 687 768 est,
716 691 902 775 nouapinto
932 711 1045 754 novem
1071 689 1201 772 scilicet,
1228 697 1257 752 et
1278 690 1429 754 rubricae
1457 691 1593 756 eundem
1611 690 1688 776 fere
1716 701 1855 756 tenorem

191 794 381 880 plerumque
405 793 534 857 babent.

301 895 398 982 Quod
410 896 455 960 od
468 897 578 980 ipsum
591 895 687 980 Lepis
699 905 818 960 tentum
828 897 982 980 pertinet,
997 897 1100 977 multi,
1111 896 1244 961 sednon
1257 919 1366 962 ornnes
1375 898 1502 963 codices
1514 898 1545 962 B
1556 920 1591 963 eo
1604 897 1858 982 distinpuuntur

194 1027 215 1066 a
239 1001 403 1066 codicibus
426 999 466 1081 A,
496 1001 584 1086 quod
611 1000 807 1086 quibusdem
836 999 916 1066 locis
942 1001 1009 1064 siae
1038 998 1141 1064 alium
1170 1009 1291 1064 tentum
1313 1024 1412 1086 quam
1433 1001 1558 1066 codices
1580 1000 1611 1065 A
1633 1003 1699 1064 siue
1722 1000 1854 1065 addito-

158 1115 301 1169 smento
324 1105 369 1168 ad
391 1125 588 1167 communem
611 1113 732 1168 tentum
755 1103 902 1189 efferunt.
947 1102 1013 1167 Sed
1035 1101 1129 1168 nullo
1153 1105 1322 1168 consensio
1344 1105 1430 1168 inter
1451 1104 1600 1190 sinpulos
1622 1105 1748 1170 codices
1767 1103 1798 1167 Β
1820 1108 1856 1168 in

194 1211 252 1273 boc
270 1211 407 1273 easistit.
452 1205 538 1270 Sunt
554 1207 692 1291 codices,
715 1229 795 1292 quos
817 1209 887 1272 sola
906 1207 1013 1291 polito
1027 1206 1145 1292 formo
1167 1231 1188 1272 a
1204 1208 1370 1272 codicibus
1386 1208 1416 1272 A
1432 1206 1563 1292 differat
1585 1205 1761 1290 (B'l-I),
1786 1209 1856 1290 alii,

192 1315 251 1398 qui
284 1334 350 1377 non
382 1319 556 1390 mutatum,
589 1310 645 1374 sed
677 1312 877 1376 solummodo
911 1322 1042 1374 auctum
1075 1321 1194 1374 tentum
1223 1312 1412 1377 contineant
1445 1312 1495 1392 (B
1516 1312 1654 1393 8-15),
1688 1310 1766 1393 alii,
1799 1313 1857 1396 qui

193 1439 260 1480 non
291 1423 433 1496 auctum,
462 1414 518 1476 sed
548 1414 747 1478 solummodo
776 1423 935 1478 mutatum
965 1423 1086 1477 tentum
1117 1415 1289 1479 ostendant
1312 1415 1362 1497 (Β
1380 1415 1446 1495 16),
1477 1413 1539 1478 alii
1563 1416 1713 1502 denique,
1743 1418 1801 1500 qui
1828 1424 1856 1478 et

192 1529 323 1584 auctum
345 1527 374 1582 et
395 1527 554 1581 mutatum
577 1526 696 1580 tentum
715 1517 899 1603 proebeant
921 1518 970 1600 (B
988 1519 1139 1599 17—36).
1183 1519 1295 1604 Itaque
1317 1541 1384 1582 non
1406 1518 1641 1584 mutationibus
1671 1528 1699 1582 et
1722 1519 1853 1583 addita·

48 1641 51 1646 '
143 1649 171 1687 so
190 1625 307 1688 mentis
328 1621 438 1707 diffld
462 1621 578 1686 classis
598 1620 630 1683 Β
653 1643 675 1683 a
696 1621 800 1686 classe
820 1621 861 1705 A,
884 1623 942 1686 sed
963 1621 1034 1686 sola
1046 1623 1166 1706 formo
1188 1623 1366 1706 depnntior
1388 1645 1583 1687 communem
1606 1631 1717 1686 notam
1739 1623 1857 1686 codici-

190 1727 250 1790 bus
272 1726 304 1788 B
326 1727 475 1810 opponit.

295 1829 395 1894 Nunc
418 1829 457 1892 de
478 1827 623 1914 sinpulis
647 1827 814 1892 codicibus
836 1829 1008 1913 utriusque
1029 1827 1146 1892 elassis
1168 1828 1394 1893 disserendum
1416 1837 1470 1892 est.

769 2067 798 2146 ξ.
822 2062 852 2126 6.
897 2061 956 2126 De
985 2063 1206 2126 codicibus
1234 2063 1274 2127 A.

293 2184 324 2248 A
343 2186 368 2248 l.
413 2181 558 2248 Primum
588 2182 694 2248 locum
722 2191 805 2246 tenet
834 2184 935 2248 eodem
962 2183 1262 2271 Sanpollensis
1290 2207 1323 2247 n.
1340 2182 1420 2266 731,
1451 2181 1489 2246 de
1515 2205 1577 2268 quo
1608 2183 1668 2270 csr.
1697 2184 1761 2248 LL.
1790 2181 1854 2264 ΙΙΙ,

142 2314 169 2355 u
187 2308 222 2372 p.
244 2286 273 2350 3.
325 2286 416 2351 Inter
448 2287 680 2351 uetustissimos
706 2285 803 2372 Lepis
832 2298 963 2352 nostrae
991 2289 1117 2353 codices
1145 2289 1246 2353 codem
1274 2297 1320 2350 est
1349 2287 1585 2351 numerandus.
1628 2287 1740 2351 Mense
1768 2289 1853 2352 enim

195 2389 325 2454 Octobri
347 2391 431 2454 anni
453 2388 526 2454 793.
551 2414 572 2454 o
595 2389 836 2475 Wandolpario
866 2392 1006 2478 quodam
1034 2395 1190 2476 seriptum
1220 2414 1290 2454 eum
1321 2413 1388 2455 esse
1415 2393 1639 2476 comperimus.
1684 2389 1752 2453 Les
1773 2389 1852 2454 Alo-

188 2516 386 2580 monnorum
422 2502 527 2557 exstat
559 2515 662 2578 pepp.
694 2493 891 2576 tut-341,-
923 2503 1001 2580 post
1032 2497 1177 2579 primurn
1213 2494 1343 2559 titulum
1379 2494 1482 2558 inden
1518 2492 1640 2580 lepitur
1672 2493 1713 2558 95
1743 2494 1850 2558 rubri-

188 2619 313 2677 carum,
343 2619 482 2683 picorum
513 2599 642 2660 nrsnseri
670 2600 706 2662 in
736 2599 809 2683 ipso
838 2607 928 2662 tenta
957 2607 1155 2682 repetuntur,
1203 2599 1290 2662 Inter
1316 2599 1364 2662 tit.
1387 2597 1553 2661 XXXVII.
1575 2606 1604 2660 et
1625 2595 1710 2660 XLI.
1731 2595 1855 2681 folium

188 2700 332 2764 duorum
353 2702 560 2786 popinarum
582 2700 699 2783 dejicit.
743 2701 855 2765 Sermo
878 2699 973 2765 ualde
996 2710 1170 2786 corruptus
1199 2711 1253 2765 est.
1303 2701 1489 2787 Lopuntur:
1519 2701 1707 2780 citerorum,
1735 2697 1854 2781 habiat,

140 2829 168 2868 so
188 2803 297 2884 iscire,
320 2802 452 2884 adibiot,
475 2804 669 2884 conteniont,
691 2804 883 2890 permaniat,
906 2804 1095 2889 abstragire,
1118 2805 1260 2890 spundit,
1281 2802 1417 2886 fridum3
1436 2827 1540 2890 porro
1562 2801 1675 2868 oculus
1696 2801 1852 2886 (oculos),

186 2904 259 2971 illus
283 2905 403 2990 (illos),
428 2929 489 2970 nus
512 2911 618 2991 (rios),
646 2917 759 2993 postur
780 2912 942 2993 (postor),
971 2918 1179 2994 cognuscant,
1210 2905 1508 2992 sagrnmentnlibus,
1539 2929 1671 2995 quorum
1696 2912 1853 2990 (coram),
1892 2902 1896 2910 '

186 3008 336 3075 barrooia
359 3012 558 3096 (parocbia)
580 3019 635 3075 etc.
680 3011 760 3076 Fere
788 3036 913 3097 semper
935 3010 1128 3096 Allamunni,
1158 3035 1237 3076 roro
1262 3009 1432 3076 Alamanni
1461 3012 1619 3095 scriptum
1649 3020 1702 3074 est.
1752 3009 1851 3073 Verba

187 3115 369 3180 uursacsdo
389 3107 565 3200 propriam
591 3137 686 3180 suam
704 3114 855 3200 formam
882 3117 1007 3182 babent.
1052 3117 1239 3203 Lepuntur:
1262 3115 1457 3200 nisteruanti,
1480 3114 1647 3200 lnytiaunt,
1670 3110 1855 3198 tautrngilli,
1896 3167 1900 3176 .

188 3219 346 3299 nostnhet,
370 3217 635 3304 morginegcpha.
682 3219 816 3283 Tectum
838 3219 947 3305 Lapis,
967 3222 1081 3306 priore
1102 3223 1170 3285 iarn
1193 3230 1369 3305 temporeo
1388 3217 1506 3285 Carolo
1528 3216 1667 3304 Wepelin
1692 3215 1854 3299 collatrent,

140 3347 168 3388 ss
188 3346 276 3388 nunc
299 3345 320 3385 o
340 3320 509 3408 praefecto
532 3322 739 3387 bibliothecae
761 3320 994 3409 Sangallensis
1016 3325 1245 3388 transmissum
1266 3325 1337 3408 ipsc
1358 3323 1465 3387 denuo
1488 3319 1600 3386 evolvi.

293 3443 369 3508 At.
416 3443 525 3510 Codes
547 3443 620 3514 bibl.
644 3467 711 3530 rep.
735 3445 996 3510 Monacensis
1020 3446 1092 3510 Lot.
1114 3447 1198 3509 4115
1226 3444 1319 3528 (olim
1346 3444 1425 3510 Cim.
1449 3444 1470 3507 I
1476 3443 1508 3524 V,
1530 3443 1609 3527 39),
1639 3443 1677 3508 de
1699 3464 1763 3526 qno
1791 3439 1850 3525 cfr.

188 3549 252 3613 LL.
269 3548 333 3631 III,
344 3570 380 3632 p.
397 3546 426 3616 3.
450 3555 479 3610 et
495 3547 535 3610 A.
552 3547 687 3630 Holder,
710 3549 788 3614 ‘Len
804 3548 919 3616 Salico
938 3549 1070 3613 mitder
1083 3549 1268 3634 malloberp.
1286 3546 1398 3612 Glosse
1420 3547 1507 3610 nacb
1530 3547 1591 3610 den
1609 3545 1686 3613 Hss.
1708 3567 1770 3609 uon
1795 3592 1851 3608 ...

195 3651 415 3734 Wolsenbr'tttel
437 3653 508 3716 and
531 3673 593 3717 oon
697 3651 871 3716 Mttnclsen'
894 3651 1025 3733 (1879),
1045 3674 1079 3736 p.
1095 3651 1136 3716 85
1151 3675 1218 3738 sqq.
1264 3650 1372 3717 Codes
1387 3651 1515 3715 soeculo
1534 3649 1620 3714 VIII.
1648 3659 1783 3714 exeunte
1804 3647 1851 3712 uel

187 3755 243 3819 IX.
266 3757 399 3819 ineunte
421 3757 565 3840 scriptus
587 3777 689 3842 usque
712 3756 759 3819 ad
780 3759 826 3821 tit.
843 3755 947 3819 XXII.
971 3756 1124 3820 editionis
1147 3764 1276 3821 nostrae
1298 3755 1487 3839 deperditus
1509 3763 1564 3816 est.
1605 3753 1675 3818 'Sed
1692 3751 1852 3838 prolapus

138 3882 166 3921 so
187 3868 215 3922 et
242 3859 339 3923 uerba
366 3859 517 3924 initialia
545 3845 650 3924 tintus
680 3859 773 3944 opud
801 3859 957 3940 Eclcbort,
988 3858 1218 3923 Commentarii
1247 3859 1286 3922 de
1314 3856 1410 3922 rebus
1436 3857 1600 3921 Franciue
1628 3857 1797 3921 orientalis
1824 3854 1851 3934 Ι,

184 3983 219 4046 p.
235 3962 309 4042 493,
325 3971 403 4026 sunt
418 3972 621 4027 conseruato.
662 3962 777 4027 Indice
792 3971 879 4025 caret
895 3963 1005 4026 codes.
1042 3962 1208 4026 Rubricos
1223 3963 1260 4025 in
1275 3970 1364 4024 testu
1376 3961 1609 4047 paucissimos,
1631 3956 1741 4023 titulos
1755 3957 1852 4044 Lepis

186 4063 450 4130 Alamannorum
481 4065 541 4129 102
569 4065 673 4130 babet.
720 4065 800 4132 Cum
828 4066 937 4130 codice
959 4066 1027 4130 Al
1058 4066 1107 4128 ita
1135 4066 1294 4144 conuenit,
1323 4074 1359 4127 ut
1388 4086 1427 4128 erc
1454 4063 1562 4129 eodem
1582 4061 1691 4148 fonte,
1721 4086 1759 4125 oc
1786 4060 1851 4144 ille,

176 4168 320 4252 stersisse
342 4169 505 4234 uideatur.
549 4170 639 4234 Nota
662 4170 749 4233 enim
772 4169 810 4232 de
832 4169 1023 4254 lantfrido,
1046 4191 1129 4254 quoe
1152 4170 1263 4233 ceteris
1285 4169 1382 4250 deest,
1409 4170 1447 4232 in
1474 4177 1609 4252 utroque
1632 4167 1800 4231 invenitur
1823 4175 1851 4228 et

184 4273 221 4336 in
236 4271 308 4353 fine
330 4272 426 4358 Lepis
457 4284 589 4358 uterque
616 4272 702 4336 duas
724 4275 901 4337 sententias
917 4273 1063 4356 praebet,
1094 4295 1177 4358 quae
1203 4273 1240 4336 in
1267 4272 1379 4336 ceteris
1407 4270 1573 4334 codicibus
1596 4267 1711 4333 classis
1732 4270 1763 4332 A
1784 4291 1850 4332 non

136 4397 165 4438 ss
184 4376 409 4440 inueniuntur.
454 4375 520 4441 Sed
541 4375 603 4440 Al
630 4377 716 4441 bunc
739 4376 879 4441 codicem
902 4377 1131 4462 elegantiorem
1153 4386 1182 4440 et
1204 4375 1425 4440 correctiorem
1454 4394 1629 4438 sermonem
1653 4372 1851 4437 eclribentem

183 4488 318 4562 superat
338 4488 494 4544 uetustate
509 4489 538 4544 et
553 4482 747 4544 auctoritate
763 4486 878 4544 lentus.
923 4480 1057 4543 Tectum
1072 4479 1179 4566 Lepis,
1191 4478 1257 4563 fol.
1274 4477 1408 4543 24-42.
1426 4477 1548 4542 codicis
1562 4479 1730 4561 scriptum,
1749 4479 1850 4561 prius

183 4582 252 4645 iam
274 4605 295 4646 a
318 4582 345 4646 b.
368 4605 410 4646 m.
432 4583 612 4670 Fcerinper
633 4583 796 4666 collatum,
819 4606 908 4648 nnnc
932 4584 993 4648 buc
1015 4585 1243 4648 transmissum
1266 4584 1338 4667 ipse
1359 4581 1466 4645 denuo
1490 4578 1602 4645 evolvi.

289 4704 363 4768 ΑΒ.
410 4702 518 4770 Codes
546 4702 618 4768 bibl.
648 4727 729 4773 coes.
756 4704 1084 4770 Vindobonensis
1105 4705 1168 4770 502
1198 4703 1291 4786 (olim
1319 4705 1384 4768 iar.
1410 4703 1497 4768 civil.
1519 4703 1611 4786 211),
1640 4703 1768 4768 soeculo
1794 4701 1847 4766 IX.

183 4806 336 4890 scriptus,
359 4807 398 4871 de
421 4831 483 4893 quo
506 4809 568 4892 cfr.
584 4807 649 4871 LL.
666 4807 730 4890 ΙΙΙ,
747 4830 784 4893 p.
800 4806 829 4876 3.
878 4807 995 4891 Codes,
1018 4810 1075 4894 qui
1087 4805 1189 4892 soliis
1208 4809 1339 4872 19-41.
1356 4807 1471 4892 Lepem
1487 4806 1749 4871 Alamannorum
1774 4830 1847 4872 con-

134 4908 271 4989 retinet,
300 4909 411 4974 titulos
443 4911 534 4976 babet
564 4911 614 4976 94.
661 4911 770 4978 Coelen
799 4913 949 4995 quamuis
971 4934 1043 4976 cum
1065 4910 1191 4976 duobus
1217 4910 1474 4976 antecedentibus
1504 4909 1717 4995 adeundam,
1742 4913 1847 4974 atita

183 5010 302 5094 dicam,
314 5011 490 5095 familiam
508 5016 674 5098 pertinere
696 5014 859 5094 uideatur,
882 5037 955 5079 cum
977 5018 1033 5098 ἐξ.
1044 5014 1074 5078 3.
1092 5015 1122 5078 4.
1145 5019 1192 5085 tit.
1215 5014 1348 5082 XCVII.
1370 5017 1407 5080 in
1431 5015 1482 5080 luis
1504 5015 1608 5080 tribas
1629 5012 1707 5078 solis
1729 5015 1848 5078 codici-

181 5114 241 5180 bus
256 5115 287 5180 A
302 5118 529 5200 inoeniontur,
552 5127 657 5182 tomen
679 5117 771 5182 baud
785 5119 901 5203 mapni
916 5119 1139 5183 aestimandus
1156 5129 1210 5183 cst.
1254 5118 1343 5182 Num
1364 5127 1393 5183 st
1415 5118 1554 5182 materia
1576 5127 1604 5181 et
1616 5115 1735 5202 forma
1751 5117 1850 5202 Lepis

173 5219 250 5303 fere
276 5220 362 5285 nibil
378 5222 518 5308 proprii
548 5221 649 5302 babet,
679 5231 707 5286 et
733 5223 942 5286 recentiorem
969 5223 1128 5307 oripinem
1156 5231 1317 5286 testantur
1343 5224 1550 5308 repetitiones
1573 5231 1602 5284 et
1624 5221 1848 5308 allepotiones,

181 5346 264 5408 quas
287 5325 431 5411 sinpalis
446 5325 525 5390 locis
539 5325 726 5389 invenimus
748 5324 829 5412 (cfr.
844 5327 891 5389 tit.
907 5323 1043 5389 XXVII.
1060 5325 1208 5392 XLVIII.
1224 5325 1337 5388 XLIX.
1353 5325 1455 5390 LVII.
1471 5324 1604 5406 LXIX).
1648 5323 1715 5390 Sed
1734 5327 1847 5406 codes,

131 5451 161 5492 ss
181 5449 252 5492 cum
281 5450 383 5512 neque
411 5428 553 5494 indicem
579 5451 680 5513 neque
701 5429 853 5493 rubricas
875 5429 910 5494 in
933 5437 1023 5492 testu
1046 5429 1112 5494 nisi
1131 5429 1345 5514 paucissimis
1367 5427 1447 5494 loeis
1470 5428 1586 5493 babeat
1608 5449 1847 5514 sermonemque

180 5530 357 5596 barbarum
376 5532 543 5616 praebeat,
566 5532 612 5596 od
633 5532 812 5597 classemA
834 5533 1061 5598 sunmerandus
1084 5545 1138 5601 est.
1185 5531 1342 5615 Codicum,
1360 5534 1461 5619 prius
1484 5554 1506 5596 a
1529 5531 1556 5601 b.
1573 5555 1612 5602 m.
1630 5531 1723 5598 Perta
1745 5531 1843 5598 colla·

179 5641 257 5717 tum,
280 5656 368 5700 nunc
391 5635 485 5701 nobis
507 5637 735 5700 transmissum
759 5637 829 5721 ipse
851 5637 958 5703 denuo
980 5637 1092 5704 evolvi.

284 5757 360 5820 Ac.
399 5755 509 5823 Codes
534 5757 760 5822 Vaticanus
784 5757 971 5824 Christiane
993 5783 1060 5846 rep.
1076 5760 1149 5826 520.
1172 5759 1296 5824 soeculi
1310 5759 1350 5843 X,
1373 5760 1411 5824 de
1434 5781 1496 5845 quo
1520 5757 1582 5842 cfr.
1597 5756 1663 5821 LL.
1680 5754 1744 5838 ΙΙΙ,
1762 5777 1796 5840 p.
1813 5757 1843 5826 3.

180 5866 209 5922 st
230 5857 374 5930 ‘Arcbiu’
397 5859 474 5944 XII,
497 5885 535 5946 p.
558 5859 630 5926 287.
677 5861 795 5944 Codes,
824 5865 883 5946 qui
903 5862 970 5947 fol.
996 5865 1172 5928 tlt-121.
1201 5863 1315 5950 Leqem
1342 5863 1606 5928 Alamannorum
1635 5860 1786 5941 continet,
1817 5868 1846 5924 ct

1569 5980 1609 6030 22
