4530 6414
137 441 267 512 xvlna
292 447 317 502 d.
777 444 857 502 LEX
878 445 1170 504 BAIVVARIORUII.
1201 501 1203 505 .
1745 449 1804 510 451

706 629 746 696 V.
776 628 842 695 Ubi
865 628 1052 694 discordant
1073 629 1197 696 indices
1208 631 1229 696 ¹.

245 750 311 818 Sed
334 751 387 816 hic
410 749 597 816 discordant
619 752 720 815 nostri
747 749 871 816 indicas
895 750 936 815 de
959 750 1089 836 pacto²,
1113 751 1200 837 quod
1224 753 1294 837 ipsa
1317 753 1372 838 qui
1400 758 1518 818 testem
1542 753 1675 819 adducit
1699 756 1807 824 iurare

142 855 263 920 debeat
285 854 373 940 quod
395 853 587 919 mendacem
610 860 728 920 testem
751 875 815 918 non
844 854 1010 940 praeferet
1038 875 1099 920 nec
1126 855 1167 920 de
1195 856 1281 921 illias
1304 857 1532 922 testificatione
1554 861 1748 925 sacramenti
1771 879 1808 925 se

142 959 305 1025 abstinere
329 958 459 1024 debeat.

100 1157 114 1197 a
691 1131 750 1198 VI.
786 1129 821 1196 Si
843 1130 955 1217 pluras
976 1131 1098 1196 luerint
1121 1132 1254 1198 testari

245 1253 289 1320 Et
311 1254 338 1318 si
361 1253 489 1338 plurimi
512 1257 613 1317 testes
635 1251 757 1316 fuerint
779 1259 812 1317 et
838 1251 880 1317 ad
909 1273 1008 1316 unum
1033 1259 1227 1318 conventum
1250 1253 1405 1340 venerint,
1437 1257 1612 1321 nortlantur
1641 1257 1688 1321 illi
1710 1264 1810 1323 testes

140 1361 225 1424 inter
247 1379 282 1423 se
306 1363 341 1422 et
363 1357 414 1422 cni
437 1377 505 1422 sors
529 1357 659 1439 exierit,
689 1357 775 1421 iuret
802 1356 858 1420 ille
887 1356 998 1421 taliter
1020 1363 1054 1421 ot
1075 1356 1176 1421 dicat:
1208 1355 1271 1422 ‘Ad
1303 1363 1421 1424 testem
1449 1362 1582 1426 sortitus
1604 1382 1675 1425 sum
1706 1367 1740 1427 st
1768 1361 1812 1426 ad

142 1467 260 1528 testem
286 1482 340 1526 me
374 1459 482 1525 iacere
505 1458 602 1525 volo!
648 1459 885 1546 Adprehendat
911 1480 1043 1525 manum
1065 1460 1206 1545 proximi
1229 1462 1279 1526 sui
1307 1467 1340 1526 et
1362 1461 1484 1528 dicat⁴:
1515 1463 1579 1530 ‘Sic
1607 1465 1696 1529 illum
1721 1463 1811 1531 Deus

144 1566 276 1632 adiuvet
305 1571 339 1629 et
360 1565 451 1630 illum
475 1567 566 1628 cuius
588 1585 719 1629 manum
742 1571 850 1650 teneo,
874 1563 961 1650 quod
987 1585 1051 1650 ego
1075 1563 1118 1628 ad
1141 1569 1259 1630 testem
1286 1567 1370 1630 inter
1392 1588 1450 1630 vos
1472 1588 1532 1652 per
1554 1589 1667 1634 aurem
1690 1575 1812 1635 tractus

89 1682 118 1726 1⁰
145 1669 192 1736 ini
216 1669 256 1734 da
278 1670 341 1734 ista
364 1690 462 1734 causa
484 1668 528 1733 ad
550 1669 722 1733 veritatem
746 1666 938 1733 dicendam’
986 1668 1076 1732 Tunc
1099 1669 1187 1734 solus
1210 1669 1295 1734 iuret
1315 1690 1388 1734 cnm
1412 1692 1471 1736 sua
1492 1693 1601 1738 manu.
1683 1739 1684 1742 ,

240 1773 363 1838 Postea
373 1773 472 1838 donet
481 1793 572 1836 arma
582 1772 625 1836 ad
634 1772 827 1837 sacrandum
840 1779 873 1837 et
884 1793 944 1858 per
956 1793 996 1836 ea
1007 1773 1112 1836 iuret⁵
1122 1773 1228 1858 ipsum
1238 1773 1373 1838 verbum
1385 1795 1460 1839 oum
1472 1797 1535 1840 uno
1549 1777 1811 1842 sacramentale⁶.

252 2185 339 2254 Caput
357 2185 387 2242 V.
406 2185 477 2241 deest
500 2187 524 2240 Τ
530 2187 546 2240 2
563 2205 598 2242 m.
612 2187 706 2255 prima
727 2185 773 2241 sed
790 2204 824 2241 m.
837 2187 968 2241 recentior
989 2187 1021 2239 ia
1038 2187 1162 2256 marpinc
1178 2186 1269 2250 addia-
1285 2203 1346 2241 arm
1365 2187 1454 2257 capite
1473 2187 1526 2243 IV.
1545 2189 1726 2244 coniunctam
1745 2188 1811 2244 Her.

144 2271 153 2338 {i
165 2275 182 2328 l.
193 2274 218 2329 1.
243 2271 356 2327 Vdeeat
372 2274 428 2340 Alc,
448 2273 560 2342 Cladlr,
581 2273 615 2340 L,
634 2273 699 2334 Pl:
727 2273 894 2329 CLXXXVI
911 2275 971 2344 Μρ,
993 2275 1049 2342 Mr,·
1076 2273 1176 2330 CCVII
1193 2275 1241 2329 Te
1263 2293 1298 2330 m.
1316 2289 1378 2339 rec.,·
1406 2274 1554 2345 [CCXX]V
1572 2275 1643 2343 Aac
1671 2275 1811 2332 CCXXVI

144 2361 200 2415 Ad.
245 2359 370 2415 Robrica
398 2365 484 2416 astat
513 2361 545 2414 ia
575 2362 644 2426 Bos,
670 2361 710 2428 L,
741 2361 792 2416 Til.
915 2360 957 2416 De
988 2360 1128 2416 discordia
1160 2361 1286 2416 iudicum
1312 2361 1381 2424 Boe,
1411 2361 1462 2416 Ill.
1497 2364 1508 2425 ΙΙ
1542 2363 1559 2416 l.
1576 2362 1601 2416 2.
1626 2362 1690 2432 Sed]
1718 2404 1751 2418 ..
1776 2363 1810 2418 ed

91 2455 118 2497 1⁵
146 2449 202 2503 Aa.
307 2447 380 2504 haec
397 2447 463 2516 Pa·
488 2447 533 2502 his
556 2449 611 2514 Αρ,
629 2447 698 2511 Ata,
724 2447 780 2517 hijs
798 2447 854 2502 Ja.
980 2445 1070 2502 iudici
1096 2447 1185 2503 nostri
1213 2447 1261 2503 aa.
1387 2451 1475 2518 pactu
1500 2448 1546 2503 aP.
1668 2449 1724 2520 ipsi
1751 2450 1813 2518 Ilpt

144 2536 200 2592 ists
218 2534 284 2600 Alo,
301 2534 356 2589 dle.
444 2536 533 2590 testea
551 2533 610 2604 Epr
628 2533 678 2603 qai
696 2537 813 2605 pactum
830 2534 933 2589 testem
944 2533 1006 2601 Jtr,·
1030 2550 1081 2603 per
1097 2536 1201 2589 testem
1217 2535 1269 2602 Δρ.
1358 2533 1690 2592 adducit-mendacem
1709 2539 1811 2592 testem

72 2685 80 2700 ⁵
144 2622 308 2677 draantAlt
368 2620 568 2676 'adducere
589 2623 600 2684 ΙΙ
620 2621 674 2677 te.
692 2621 856 2676 mendacem
870 2622 971 2676 testem
984 2619 1102 2675 adducit
1114 2619 1206 2675 iurare
1216 2620 1275 2690 Μρ.
1340 2621 1483 2690 praeierat
1491 2620 1543 2686 Ad,
1555 2621 1603 2688 Ga,
1614 2623 1670 2692 Ep,
1681 2623 1739 2690 Μρ,
1749 2622 1812 2686 1³4,-

144 2709 280 2780 preiarret
305 2708 334 2774 J,
359 2708 422 2774 Pe,
454 2707 518 2770 TI,-
549 2708 675 2778 proferat
700 2706 764 2773 Ala,
791 2706 849 2774 dlx,
889 2707 1013 2776 proferet
1049 2706 1105 2773 Gao,
1133 2707 1189 2776 Ill,
1223 2708 1362 2778 proferret
1394 2707 1461 2774 Bos,
1490 2708 1546 2761 Te
1582 2714 1626 2777 (m.
1656 2709 1813 2779 recentior).·

146 2798 268 2867 preveat
284 2795 332 2850 aP.
438 2795 473 2850 de
490 2794 564 2848 deest
580 2794 627 2849 aP.
732 2793 792 2848 illis
809 2793 837 2847 J.
940 2792 1169 2849 testificationem
1187 2793 1239 2855 aP.·
1255 2792 1466 2850 testificationis
1483 2793 1537 2849 Jla.
1638 2795 1811 2866 sagramenti

94 2896 122 2937 aa
147 2884 202 2948 eP,·
228 2881 410 2938 sacramentis
428 2883 459 2948 J,
478 2882 532 2938 Mt.
643 2897 671 2936 se
695 2879 767 2935 deest
783 2879 837 2947 Ad,
856 2879 881 2934 J
881 2905 888 2948 ;
916 2883 960 2935 est
977 2879 1037 2948 m,-
1063 2879 1112 2935 sad
1129 2879 1175 2934 aP.
1204 2883 1216 2944 ll
1246 2880 1263 2934 l.
1276 2880 1302 2936 4.
1327 2879 1475 2936 abstenere
1493 2880 1545 2944 aP.·
1568 2880 1713 2937 abstineat
1737 2899 1811 2937 corr:

147 2969 290 3026 abstinere
311 2969 373 3032 Cra·
400 2968 537 3024 abstineri
554 2967 608 3022 Aa

252 3090 318 3160 Cap.
333 3090 381 3146 VI.
400 3090 509 3144 Initium
525 3105 611 3158 napae
632 3088 671 3142 ad
692 3089 785 3143 amba:
809 3090 911 3144 testem
928 3105 975 3143 roe
991 3088 1084 3143 iacere
1102 3088 1167 3143 volo
1185 3087 1280 3142 count
1300 3087 1349 3142 Ta
1366 3088 1412 3156 (m.
1421 3087 1540 3158 prima),·
1558 3089 1734 3144 coniunctam
1752 3105 1812 3144 com

146 3195 207 3247 cap.
219 3180 249 3234 V.
266 3179 319 3246 Ap,
338 3177 391 3232 Mt.
420 3180 432 3241 ll
462 3178 479 3232 l.
492 3177 518 3232 5.
542 3176 581 3232 Vl
600 3176 667 3230 deest
684 3175 738 3245 Αρ,
757 3175 814 3240 All,
834 3173 881 3242 CI,
900 3174 956 3240 Ila,
976 3173 1011 3240 L,
1024 3173 1077 3240 Mt,
1090 3173 1155 3236 P6,·
1173 3172 1231 3229 Tit.
1245 3173 1293 3230 IV.
1312 3173 1384 3236 Her,-
1402 3172 1514 3229 CCVIII
1532 3175 1660 3231 corrrVI
1677 3193 1710 3230 na
1723 3192 1812 3231 noen-

147 3266 203 3320 ticr
222 3265 282 3330 Ta·
307 3263 485 3320 CLXXXVII
506 3263 567 3333 Mo:
586 3261 746 3332 [CCXXWI
766 3259 833 3326 Ald,·
851 3259 1005 3317 CCXXVII
1023 3259 1076 3316 Aa.
1111 3260 1239 3315 Robrica
1255 3264 1345 3314 metat
1361 3261 1393 3313 ia
1413 3259 1479 3329 Her,
1497 3259 1532 3328 L,
1554 3261 1604 3316 Ill.
1700 3263 1813 3320 luerunt

95 3365 123 3406 2⁵
148 3352 183 3408 L.
214 3359 225 3420 ΙΙ
255 3349 598 3422 1.c.nt]..rnzt,0a.
693 3351 723 3404 et
741 3347 846 3403 si-et
865 3339 1030 3402 adinraao
1052 3347 1112 3402 Tr.
1203 3346 1379 3402 suerunteP.
1473 3349 1503 3403 et
1520 3347 1588 3402 deret
1604 3347 1639 3403 L.
1727 3367 1812 3405 annm
1902 3377 1905 3382 ·

147 3438 219 3493 derat
237 3439 271 3496 L.
389 3435 474 3506 digne
499 3437 667 3491 conventum
685 3434 753 3498 Ati,
779 3433 895 3505 dignum
913 3433 1054 3504 (delatum)
1073 3433 1158 3506 digne
1177 3437 1346 3490 conventum
1364 3433 1422 3488 Jlr.
1548 3439 1683 3491 venerunt
1709 3435 1743 3503 L,
1760 3437 1813 3498 aP.·

148 3525 259 3583 venerit
276 3528 342 3597 Μρ,·
359 3523 465 3581 luerint
481 3524 509 3578 J.
615 3522 737 3578 eortiant
754 3521 812 3587 Alt,
835 3520 871 3589 H,
889 3521 917 3588 J,
935 3521 962 3576 L
969 3542 978 3585 ,·
995 3521 1148 3577 fortiantur
1165 3521 1224 3576 Pa.
1329 3519 1380 3575 ille
1400 3520 1453 3585 ur,
1471 3521 1518 3576 aP.
1606 3525 1738 3578 testestss
1754 3522 1812 3579 Ρ6.

147 3630 163 3683 1.
179 3615 203 3671 7.
221 3614 297 3670 inter
314 3611 354 3683 so]
372 3611 403 3666 in
421 3612 496 3668 certe
509 3609 550 3675 L,·
572 3610 648 3666 intra
670 3609 719 3664 Ta
736 3609 948 3678 (mammea).
1018 3609 1108 3665 exiret
1120 3609 1177 3675 Ali,
1190 3608 1220 3673 J,
1240 3607 1348 3663 exierat
1365 3607 1416 3674 Bt,
1434 3608 1476 3677 L,·
1494 3607 1564 3665 exiit
1576 3609 1645 3664 Her.
1716 3609 1761 3665 illi
1779 3611 1812 3676 L,

146 3702 203 3770 Mp,
220 3701 273 3756 m.
361 3697 461 3754 taliter
477 3697 546 3751 (locat
563 3697 618 3758 Bla-
644 3699 675 3752 et
693 3695 766 3751 altar
783 3696 841 3749 Aa.
935 3695 973 3750 ad
990 3697 1207 3751 testem-sum
1231 3699 1261 3750 st
1279 3694 1376 3748 decant
1393 3693 1450 3765 Μρ.
1546 3695 1625 3751 dicat
1642 3696 1679 3751 ad
1697 3699 1812 3753 testem:

94 3796 121 3838 eo
147 3785 268 3844 Sortitus
286 3789 342 3842 etc.
361 3783 426 3851 Alc,
437 3783 489 3850 Bo,
502 3782 569 3848 Her,
588 3783 612 3837 J
612 3783 643 3848 la,
659 3783 707 3837 12
724 3781 770 3848 (m.
782 3781 935 3850 recentior).
1023 3780 1143 3836 soraitns
1155 3780 1196 3842 Lr
1218 3780 1352 3835 sorliatus
1367 3780 1431 3844 P6,·
1455 3779 1563 3846 fortius,
1582 3799 1652 3838 corr.
1670 3783 1773 3838 eortius
1784 3782 1813 3837 J.

147 3873 232 3930 etad
250 3874 338 3929 tester
356 3871 409 3926 Mt.
440 3875 452 3935 l
480 3870 537 3926 t8.
563 3869 618 3940 me]
635 3886 671 3923 ne
692 3868 745 3924 Il'l.
843 3868 964 3939 prendat
981 3870 1033 3938 Δρ,
1053 3867 1111 3936 Alt,
1128 3867 1181 3934 Bt,
1203 3866 1252 3935 CI,
1270 3866 1355 3935 ILJ,
1378 3868 1404 3920 Τ
1412 3867 1465 3934 1,2
1483 3870 1529 3934 (m.
1541 3870 1659 3939 prima),
1677 3869 1814 3940 praebeat

146 3960 187 4030 L,·
204 3962 235 4016 et
251 3957 448 4030 apprehendat
464 3955 533 4020 Ala·
551 3959 581 4011 et
599 3954 795 4026 adprehendat
812 3953 869 4020 Jo;
893 3959 923 4010 et
941 3953 1156 4026 adprehendant
1174 3953 1236 4022 Mis·
1262 3952 1455 4023 adprehendet
1467 3953 1533 4022 Pe,-
1560 3955 1757 4025 adprehendat
1773 3956 1815 4010 nel

147 4044 345 4115 apprehendat
361 4049 422 4098 cett.
527 4059 613 4098 manu
629 4040 680 4097 aP.
785 4040 830 4094 sai
847 4040 967 4110 proximi
987 4040 1052 4096 Her.
1148 4039 1220 4096 dicit
1238 4055 1312 4094 corr:
1331 4038 1409 4094 dicat
1426 4041 1478 4109 Ap.
1576 4040 1629 4112 sic]
1647 4040 1671 4096 si
1690 4041 1812 4111 Apelt,

148 4132 206 4202 Μρ,
225 4130 279 4198 Mc,
297 4132 355 4195 Pl,
371 4131 396 4196 2,
412 4131 438 4196 t,
456 4130 482 4197 d,
499 4129 546 4194 eP,
572 4129 628 4195 Ta,
646 4127 676 4183 V.
792 4127 883 4195 illurn]
910 4145 955 4183 me
982 4129 1045 4194 Boe,
1066 4127 1120 4197 Ep,
1139 4126 1212 4194 Her5
1246 4142 1291 4181 me
1318 4141 1427 4180 noram
1449 4125 1503 4181 Ad.
1536 4129 1548 4190 l
1581 4127 1635 4184 le.
1663 4127 1744 4183 iuvet
1768 4145 1813 4183 me

94 4226 121 4268 ee
146 4217 222 4274 Deus
239 4217 303 4285 Aa·
328 4217 403 4273 Deus
422 4215 539 4271 adiubet
556 4214 603 4269 aP.
708 4212 790 4268 illum
808 4213 835 4280 J,
854 4213 895 4277 L,-
920 4217 951 4269 st
968 4213 1048 4268 illam
1065 4215 1119 4282 eP,·
1146 4212 1196 4269 illa
1216 4213 1282 4268 Her.
1392 4210 1438 4266 cai
1456 4212 1509 4280 Bb,
1529 4211 1566 4281 H,
1586 4212 1614 4282 J,
1630 4215 1667 4282 L,
1685 4215 1741 4284 Μρ.
1759 4215 1813 4282 Mt,

149 4307 197 4362 Te
224 4307 269 4375 (m.
288 4306 402 4377 mosa).
524 4321 623 4358 manus
640 4301 706 4368 ΑΜ,
723 4301 776 4369 dlr,
793 4302 846 4366 sP,·
875 4319 960 4356 mann
978 4301 1016 4368 Η,
1034 4300 1094 4357 Ρ6.
1216 4303 1319 4356 testem
1342 4297 1425 4353 illam
1448 4299 1512 4354 Boc.
1636 4303 1759 4357 tractum
1778 4301 1812 4357 L.

146 4395 257 4449 tractae
272 4391 316 4448 fui
333 4410 384 4463 per
401 4407 497 4446 aurern
515 4389 569 4444 Ad.
599 4392 610 4452 ΙΙ
639 4389 714 4444 llil.
738 4387 802 4454 tuit,
820 4404 896 4444 corr.-
915 4387 958 4443 fui
975 4387 1033 4457 Μρ.
1113 4404 1227 4442 caueam
1244 4389 1297 4456 Δρ,
1317 4384 1367 4440 eP.
1447 4385 1569 4442 dicenda
1586 4387 1652 4450 P6,·
1670 4387 1812 4444 dicentem

147 4481 204 4546 Alt,
225 4479 273 4533 2⁷2
290 4481 334 4548 (m.
347 4476 489 4549 primad),·
506 4475 642 4540 discedat,
660 4491 736 4530 corr:
753 4474 902 4531 discendat
919 4474 973 4529 Mt.
1056 4474 1134 4545 tanc]
1153 4492 1189 4530 oa
1206 4473 1266 4529 Pl.
1347 4475 1525 4529 tnnc-saa
1542 4491 1628 4530 manu
1646 4474 1812 4542 montilli,

152 4565 176 4620 Τ
182 4566 199 4620 2
217 4567 263 4634 (m.
272 4566 389 4635 prima),·
405 4566 436 4619 in
452 4563 575 4635 nsorpiac
598 4563 645 4617 Ta
662 4561 708 4629 (m.
721 4563 873 4632 remotior).
979 4579 1043 4616 curn
1061 4578 1112 4616 sua
1129 4579 1215 4618 manu
1232 4561 1330 4616 aaut
1347 4560 1411 4627 ΑΜ,
1428 4559 1486 4616 le.
1592 4579 1655 4616 cnm
1673 4561 1743 4616 decet
1763 4559 1812 4616 Cla.

93 4660 124 4702 to
149 4669 199 4707 suo
217 4669 304 4708 mana
321 4652 375 4720 eP,·
398 4669 483 4707 mann
501 4667 553 4705 sua
572 4649 623 4717 Bt,
644 4648 702 4717 Cro,
723 4650 772 4705 Te
789 4651 835 4719 (aa
847 4649 996 4719 recmtior).

253 4755 270 4810 l.
283 4755 326 4810 11.
350 4755 420 4810 decet
437 4753 492 4817 Ad,
508 4753 636 4822 Ataeo,
652 4753 699 4820 CI,
719 4751 777 4820 Cro,
794 4753 834 4820 H,
853 4755 881 4821 J,
899 4752 956 4820 Jlr,
972 4754 1007 4820 L,
1029 4751 1086 4808 TI.
1180 4769 1232 4807 sua
1259 4769 1338 4809 arma
1366 4751 1422 4807 1¹2
1449 4753 1495 4820 (m.
1513 4751 1634 4822 prima),·
1659 4769 1738 4808 arma
1763 4769 1815 4808 sna

148 4842 216 4910 Boe,
235 4840 303 4910 Her,
324 4841 375 4898 na.
476 4843 506 4897 et
524 4840 561 4896 ad
577 4839 744 4896 sacmndurn
762 4839 815 4904 oF,-
838 4839 875 4895 ad
893 4839 1028 4896 sacrando
1047 4839 1102 4894 Mt.
1201 4840 1268 4910 uno]
1287 4838 1349 4912 ipso
1368 4839 1422 4908 Ep.
1531 4838 1731 4896 sacrmentali
1749 4837 1815 4906 Bos,

152 4928 201 4983 Te
219 4928 265 4995 (m.
274 4929 423 4998 recentior),
444 4927 500 4990 Til,-
525 4927 763 4998 sagramentalem
780 4925 827 4982 aP.

255 5133 287 5220 1)
315 5141 357 5212 Cf.
382 5141 410 5198 8.
425 5141 547 5210 Rienler,
571 5140 779 5211 ‘I'orsclaapea
798 5157 854 5194 aar
874 5139 1031 5196 Dcataolen
1049 5133 1217 5198 Ceecdiedte'
1230 5141 1314 5212 XVI,
1329 5138 1434 5212 2438
1456 5161 1485 5200 a.
1503 5137 1537 5212 4,
1571 5142 1623 5214 qai
1650 5143 1700 5198 doc
1730 5147 1815 5214 copul

95 5247 124 5291 *ὅ
149 5244 290 5302 recentius
319 5245 449 5301 additam
476 5263 534 5301 asse
562 5250 652 5315 palat.
790 5236 823 5318 2)
845 5243 925 5298 Nam
952 5243 999 5299 Iria
1027 5245 1141 5301 occidua
1166 5247 1200 5302 dc
1226 5248 1387 5304 rccmaa'oac
1413 5249 1483 5318 lepis
1503 5247 1719 5302 Bairoara'oram
1744 5263 1815 5318 puae

149 5351 215 5407 hacc
247 5350 303 5422 leci
336 5349 490 5420 praecedit,
524 5349 675 5419 alluditur,
708 5349 827 5404 datiam
860 5354 916 5419 eet,·
953 5349 989 5418 cs.
1014 5349 1049 5405 iz
1072 5349 1213 5420 Βηιηηεν,
1241 5343 1350 5410 ‘nna’
1371 5344 1406 5407 1²
1431 5371 1461 5424 p.
1486 5345 1550 5406 459
1582 5368 1611 5407 a.
1639 5346 1694 5420 25,
1725 5369 1815 5422 aspra

150 5475 172 5511 c.
194 5455 271 5524 VIII,
291 5449 348 5520 21;
372 5453 405 5510 Ε.
421 5472 445 5510 c.
463 5453 603 5524 mowino,
626 5453 672 5509 ‘N.
690 5451 807 5508 Arctic'
823 5450 934 5522 XXXI,
953 5470 983 5523 p.
1003 5446 1081 5519 445;
1112 5453 1256 5524 XXXIII,
1273 5475 1302 5527 p.
1318 5452 1381 5512 665
1391 5473 1433 5526 sq.
1538 5449 1571 5530 3)
1599 5453 1640 5524 Cf.
1661 5453 1698 5511 II.
1715 5454 1814 5526 Siepel,

150 5559 194 5615 ‘D.
211 5556 532 5628 Cericdtscersoirrers'§
546 5553 596 5629 33,
619 5559 657 5626 ΙΙ,
676 5577 706 5629 p.
723 5551 797 5615 233.
901 5549 934 5632 4)
963 5557 1054 5626 Cf.II.
1069 5557 1212 5630 Brevem
1238 5559 1348 5618 ‘Dea’
1364 5556 1426 5632 11¹,
1448 5579 1477 5632 p.
1493 5554 1568 5616 4³1.
1676 5550 1709 5637 5)
1732 5560 1814 5615 iaro-

151 5669 276 5718 meatam
298 5663 336 5718 ad
357 5679 440 5718 arma
465 5663 639 5734 praestitam
661 5663 697 5732 cs.
720 5661 756 5718 II.
774 5661 916 5731 Bmaner,
939 5660 1040 5717 ‘DIIC'
1057 5661 1092 5716 II
1097 5655 1118 5731 ¹,
1144 5682 1175 5734 p.
1190 5659 1270 5731 428,-
1300 5667 1320 5723 l.
1336 5665 1433 5724 Alam.
1452 5660 1509 5732 86,·
1541 5658 1766 5730 l.Ra'daor.38,
1785 5657 1814 5720 1.

98 5783 126 5826 eo
153 5761 185 5843 6)
200 5767 361 5824 Secundum
379 5767 452 5823 lanc
470 5785 600 5823 ammom
616 5773 718 5824 laetae
732 5767 833 5822 iurant
848 5783 912 5821 oram
930 5768 1193 5823 comacramcntalc'.
1211 5799 1248 5808 —
1267 5771 1303 5840 cs.
1314 5771 1499 5836 EBranrrar,
1513 5757 1622 5825 ‘ona’
1630 5766 1665 5821 II
1670 5758 1692 5836 ¹,
1701 5784 1731 5838 p.
1742 5759 1814 5823 398.

1556 5880 1606 5935 δῖ*
