4598 6436
692 1656 767 1730 III.
804 1655 983 1730 INDEX
991 1663 1002 1702 ¹
1030 1653 1241 1736 OODICIS
1261 1657 1338 1732 Ta.

1654 1759 1718 1812 haee
1737 1761 1817 1816 edicto

345 1853 375 1916 Ι.
406 1853 542 1936 Siquis
566 1852 654 1916 liber
677 1871 898 1936 personaret
922 1872 1000 1916 suas
1024 1853 1159 1918 dederit
1183 1853 1226 1916 ad
1250 1852 1439 1919 ecelesiam.
1586 1861 1589 1870 '
1698 1853 1726 1929 I,
1754 1862 1781 1918 1.

325 1960 374 2023 II.
408 1960 445 2024 Si
468 1960 545 2044 quis
569 1958 753 2043 culpabilis
777 1959 820 2022 ad
845 1958 1025 2043 ecelesiam
1049 1960 1255 2042 confugerit.
1752 1967 1780 2025 7.

302 2066 371 2129 ΙΙΙ.
405 2067 457 2132 De
482 2066 649 2130 ministris
673 2065 826 2153 ecclesie,
850 2068 1021 2149 quomodo
1045 2062 1189 2150 oonpon.
1751 2073 1781 2132 8.

145 2193 159 2235 s
283 2172 370 2236 IIII.
405 2173 457 2238 De
481 2172 679 2257 presbiteris
702 2172 757 2237 vel
782 2173 945 2248 diaconis,
970 2175 1140 2256 quomodo
1165 2170 1309 2257 oonpofi.
1753 2181 1782 2236 9.

333 2280 374 2343 V.
406 2280 460 2345 De
483 2281 645 2365 episeopo
668 2300 768 2363 quem
795 2279 977 2344 constituit
999 2301 1068 2357 rex,
1091 2281 1264 2364 quomodo
1287 2277 1430 2363 conpon.
1731 2289 1781 2345 10.

310 2386 371 2449 VI.
403 2387 456 2451 De
481 2386 761 2462 sanctemoniale,
787 2387 852 2451 hoo
876 2391 929 2451 est
953 2386 1027 2451 Deo
1051 2388 1175 2464 dicata,
1200 2387 1372 2471 quomodo
1396 2381 1541 2470 conpon.
1734 2397 1782 2451 ll.

289 2492 368 2556 VII.
405 2493 457 2558 De
492 2493 692 2577 presbIteris
727 2499 762 2558 et
797 2493 950 2558 diaconis
982 2497 1018 2559 et
1048 2495 1090 2558 de
1123 2494 1288 2560 eeclesiae
1319 2493 1494 2570 ministris,
1529 2498 1569 2557 nt

449 2600 567 2664 nullus
591 2621 705 2666 seeum
732 2600 860 2665 habeat
884 2601 1060 2666 mulierem
1086 2607 1283 2666 extraneam
1307 2602 1341 2665 in
1367 2601 1478 2664 domo.
1732 2607 1781 2664 12.

137 2729 164 2768 m
270 2706 372 2784 VIII.
406 2707 459 2772 De
484 2708 615 2772 colonis
640 2708 745 2772 servis
770 2707 923 2772 ecelesiis
946 2708 1096 2791 qualiter
1119 2709 1278 2773 serviant.
1476 2719 1481 2726 '
1731 2713 1782 2772 13.

254 2814 375 2882 VIIII.
408 2814 461 2879 De
486 2813 632 2880 ducibus
656 2817 767 2879 causis
791 2815 851 2898 qui
875 2815 918 2879 ad
942 2836 1019 2880 eum
1044 2817 1257 2900 pertingunt.
1655 2814 1704 2878 11.

328 2923 371 2985 X.
406 2920 453 2986 Ut
477 2921 608 3005 placita
630 2922 717 2985 fiant
740 2943 801 3006 per
824 2921 996 2987 calendas.
1655 2921 1704 2998 II,
1732 2927 1782 2985 14.

310 3029 373 3093 XI.
407 3029 459 3094 De
479 3028 637 3113 geneloia
657 3029 716 3111 qui
732 3034 900 3094 vocantur
916 3031 992 3095 hosi
1008 3032 1110 3094 drona
1134 3029 1262 3113 Iogana
1278 3028 1457 3111 hahilinga
1473 3029 1587 3110 enidn.
1634 3028 1705 3091 III.

289 3136 372 3200 XII.
409 3135 458 3200 De
482 3136 609 3212 liberis,
638 3138 809 3220 quomodo
834 3137 976 3221 oonpofi.
1644 3136 1704 3200 IV.

138 3263 164 3302 m
271 3243 375 3307 XIII.
408 3243 460 3308 De
485 3243 676 3326 peregrinis
700 3245 911 3308 transeuntis
934 3244 1035 3307 viam.
1645 3243 1704 3321 IV,
1730 3251 1781 3306 31.

249 3350 373 3414 XIIII.
408 3349 458 3414 De
482 3351 588 3415 servis
611 3350 672 3433 qui
695 3350 839 3416 liberum
865 3351 1059 3416 vendiderit
1082 3351 1138 3415 vel
1160 3350 1338 3413 furaverit.
1641 3349 1704 3426 IX,
1730 3356 1759 3413 5.

300 3456 374 3521 XV.
407 3457 460 3523 De
476 3457 530 3520 his
546 3458 606 3540 qui
621 3478 683 3541 per
699 3479 839 3521 manum
855 3457 986 3521 dimissi
999 3462 1080 3521 sunt
1097 3457 1205 3530 liberi,
1223 3457 1315 3539 quod
1326 3455 1425 3519 frilan
1437 3460 1571 3521 vocant.
1663 3457 1704 3520 V.

276 3563 372 3628 XVI.
406 3564 458 3628 De
483 3564 598 3640 servis,
623 3566 794 3647 quomodo
818 3563 963 3647 oonpofi.
1595 3557 1619 3644 ἰ
1646 3564 1704 3628 VI.

89 3711 92 3714 -
259 3669 375 3734 XVII.
410 3671 460 3736 De
484 3671 647 3734 uxoribus
671 3671 725 3736 vel
749 3692 900 3755 sponsas,
925 3673 1095 3754 quomodo
1120 3668 1264 3755 conpon.
1603 3671 1704 3735 VIII.

138 3800 165 3840 so
237 3777 373 3843 XVIII.
406 3778 458 3842 De
482 3773 591 3841 furtu.
1643 3778 1704 3843 IX.

216 3885 373 3949 XVIIII.
408 3885 455 3949 Ut
478 3889 694 3949 sacramenta
718 3905 787 3949 non
811 3886 880 3949 aito
905 3885 999 3948 fiant.
1642 3885 1703 3961 IX,
1731 3892 1781 3949 18.

298 3993 374 4056 XX.
406 3992 459 4056 De
482 3992 573 4056 falsa
596 3993 826 4076 suggestione.
1731 3998 1781 4054 19.

276 4099 374 4163 XXI.
407 4099 459 4163 De
483 4098 592 4162 fontis
615 4099 834 4184 inmunditia.
1661 4099 1703 4172 X,
1729 4103 1780 4162 22.

255 4205 373 4270 XXII.
406 4205 459 4271 De
482 4206 742 4270 vinditionibus.
1609 4205 1704 4269 XVI.

138 4334 164 4374 ss
234 4312 374 4376 XXIII.
407 4312 459 4378 De
484 4333 524 4377 eo
548 4313 607 4395 qui
631 4333 724 4376 arras
749 4312 893 4378 dederit.
1608 4313 1703 4390 XVI,
1731 4318 1781 4377 10.

214 4419 373 4484 XXIIII.
407 4419 459 4484 De
484 4419 607 4502 pignis.
1600 4419 1703 4483 XIII.

100 4545 102 4548 ·
262 4526 373 4590 XXV.
406 4526 458 4591 De
481 4525 658 4590 violentio.
1641 4525 1703 4590 XI.

242 4633 371 4697 XXVI.
405 4633 457 4698 De
482 4654 591 4698 messe
615 4634 670 4698 vel
693 4637 842 4718 pratum.
1730 4640 1759 4698 6.

147 4817 149 4822 ,
223 4740 374 4805 XXVII.
405 4747 454 4806 De
479 4761 519 4805 eo
542 4741 602 4824 qui
626 4747 801 4823 parentem
827 4761 926 4805 suum
950 4740 1100 4805 occisum
1125 4739 1288 4804 vindicat.
1644 4741 1703 4816 IV,
1730 4747 1782 4804 29.

139 4868 165 4908 ιο
203 4847 373 4911 XXVIII.
404 4847 457 4913 De
480 4847 638 4913 testibus.
1587 4847 1703 4911 XVII.

182 4953 374 5018 XXVIIII.
407 4953 460 5020 De
484 4955 540 5018 via
563 4953 703 5038 publica
727 4957 762 5018 et
785 4956 827 5018 de
851 4955 980 5019 semitis
1003 4953 1169 5018 vioinaIIs.
1596 5033 1597 5036 Ἴ
1661 4957 1704 5031 X,
1732 4961 1781 5019 19.

261 5061 374 5124 XXX.
408 5061 460 5126 De
484 5063 616 5145 nuptiis
639 5061 792 5125 inlicitis.
1623 5063 1703 5127 VII.

241 5168 373 5232 XXXI.
407 5168 459 5233 De
483 5169 644 5251 operibus
668 5169 703 5232 in
729 5169 784 5233 die
808 5169 990 5233 dominico.
1623 5169 1704 5245 VII,
1730 5175 1760 5234 4.

223 5274 376 5339 XXXII.
409 5275 461 5340 De
485 5295 526 5339 eo
549 5275 609 5358 qui
633 5275 781 5341 alienum
807 5276 935 5340 animal
958 5276 1096 5341 oooidit.
1609 5275 1704 5353 XIV,
1733 5283 1782 5340 17.

138 5399 164 5442 u
204 5381 375 5446 XXXIII.
411 5375 486 5466 [D]e
511 5382 761 5448 commendatis
784 5383 839 5448 vel
863 5383 1098 5447 commodatis.
1630 5381 1705 5457 XV,
1735 5391 1834 5467 lsqq.

183 5488 378 5552 XXXIIII.
410 5488 462 5554 De
486 5489 599 5552 viduis
623 5489 683 5572 qui
705 5494 784 5573 post
808 5493 951 5554 mortem
976 5489 1092 5554 mariti
1116 5492 1324 5575 permaneat.
1732 5495 1781 5554 17.

230 5594 376 5663 XXXV.
408 5596 461 5662 De
486 5597 680 5662 hereditate
704 5597 832 5660 fratris.
1729 5602 1759 5660 8.

295 5799 323 5878 l)
352 5804 420 5865 Non
443 5808 596 5867 concordat
618 5825 681 5866 orem
704 5806 804 5867 ordine
826 5806 953 5880 capitem
976 5810 1069 5866 tatus
1091 5806 1176 5866 trdus
1197 5804 1312 5866 codicia.

237 5918 435 5961 mmmm
