<?xml version="1.0" encoding="UTF-8"?>
<!DOCTYPE html PUBLIC "-//W3C//DTD XHTML 1.0 Transitional//EN"
    "http://www.w3.org/TR/xhtml1/DTD/xhtml1-transitional.dtd">
<html xmlns="http://www.w3.org/1999/xhtml" xml:lang="en" lang="en">
 <head>
  <title>
</title>
<meta http-equiv="Content-Type" content="text/html;charset=utf-8" />
  <meta name='ocr-system' content='tesseract 3.04.00' />
  <meta name='ocr-capabilities' content='ocr_page ocr_carea ocr_par ocr_line ocrx_word'/>
</head>
<body>
  <div class='ocr_page' id='page_1' title='image "./legesalamannoru00lehmgoog/legesalamannoru00lehmgoog_0027.png"; bbox 0 0 4634 6420; ppageno 0'>
   <div class='ocr_carea' id='block_1_1' title="bbox 459 465 1667 556">
    <p class='ocr_par' dir='ltr' id='par_1_1' title="bbox 459 465 1667 556">
     <span class='ocr_line' id='line_1_1' title="bbox 459 465 1667 556; baseline -0.006 0"><span class='ocrx_word' id='word_1_1' title='bbox 459 490 497 556; x_wconf 86' lang='lat'><strong><em>18</em></strong></span> <span class='ocrx_word' id='word_1_2' title='bbox 905 493 1025 550; x_wconf 65' lang='lat' dir='ltr'><strong><em>isoes</em></strong></span> <span class='ocrx_word' id='word_1_3' title='bbox 1047 465 1356 551; x_wconf 58' lang='lat' dir='ltr'><strong><em>insufflationem,</em></strong></span> <span class='ocrx_word' id='word_1_4' title='bbox 1383 527 1419 535; x_wconf 94' lang='lat'>-</span> <span class='ocrx_word' id='word_1_5' title='bbox 1443 492 1667 550; x_wconf 67' lang='lat' dir='ltr'><strong><em>enhaemo,</em></strong></span> 
     </span>
    </p>
   </div>
   <div class='ocr_carea' id='block_1_2' title="bbox 450 671 2171 2316">
    <p class='ocr_par' dir='ltr' id='par_1_2' title="bbox 452 671 2156 1588">
     <span class='ocr_line' id='line_1_2' title="bbox 455 671 2122 766; baseline -0.002 -24"><span class='ocrx_word' id='word_1_6' title='bbox 455 679 562 766; x_wconf 75' lang='lat' dir='ltr'><strong><em>perspi</em></strong></span> <span class='ocrx_word' id='word_1_7' title='bbox 584 676 653 743; x_wconf 88' lang='lat' dir='ltr'><strong><em>abb.</em></strong></span> <span class='ocrx_word' id='word_1_8' title='bbox 671 678 782 761; x_wconf 91' lang='lat' dir='ltr'><strong><em>princ.</em></strong></span> <span class='ocrx_word' id='word_1_9' title='bbox 806 672 981 740; x_wconf 68' lang='lat' dir='ltr'><strong><em>ratensis</em></strong></span> <span class='ocrx_word' id='word_1_10' title='bbox 1003 673 1204 760; x_wconf 78' lang='lat' dir='ltr'><strong><em>benipnitate</em></strong></span> <span class='ocrx_word' id='word_1_11' title='bbox 1225 695 1266 738; x_wconf 78' lang='lat' dir='ltr'><strong><em>en</em></strong></span> <span class='ocrx_word' id='word_1_12' title='bbox 1287 674 1429 760; x_wconf 87' lang='lat' dir='ltr'><strong><em>superba</em></strong></span> <span class='ocrx_word' id='word_1_13' title='bbox 1441 673 1505 764; x_wconf 84' lang='lat' dir='ltr'><strong><em>illa</em></strong></span> <span class='ocrx_word' id='word_1_14' title='bbox 1519 671 1717 740; x_wconf 75' lang='lat' dir='ltr'><strong><em>celeberrimi</em></strong></span> <span class='ocrx_word' id='word_1_15' title='bbox 1732 671 1861 761; x_wconf 76' lang='lat' dir='ltr'><strong><em>callepii</em></strong></span> <span class='ocrx_word' id='word_1_16' title='bbox 1876 673 1950 740; x_wconf 91' lang='lat' dir='ltr'><strong><em>bibl.</em></strong></span> <span class='ocrx_word' id='word_1_17' title='bbox 1965 675 2003 739; x_wconf 89' lang='lat' dir='ltr'><strong><em>in</em></strong></span> <span class='ocrx_word' id='word_1_18' title='bbox 2019 672 2122 739; x_wconf 90' lang='lat' dir='ltr'><strong><em>lucem</em></strong></span> 
     </span>
     <span class='ocr_line' id='line_1_3' title="bbox 452 775 2122 868; baseline -0.002 -22"><span class='ocrx_word' id='word_1_19' title='bbox 452 780 582 868; x_wconf 85' lang='lat' dir='ltr'><strong><em>prolati</em></strong></span> <span class='ocrx_word' id='word_1_20' title='bbox 604 802 706 865; x_wconf 88' lang='lat' dir='ltr'><strong><em>opera</em></strong></span> <span class='ocrx_word' id='word_1_21' title='bbox 728 779 855 844; x_wconf 85' lang='lat' dir='ltr'><strong><em>Basilii</em></strong></span> <span class='ocrx_word' id='word_1_22' title='bbox 874 777 950 844; x_wconf 88' lang='lat' dir='ltr'><strong><em>Joh.</em></strong></span> <span class='ocrx_word' id='word_1_23' title='bbox 973 777 1098 843; x_wconf 88' lang='lat' dir='ltr'><strong><em>Herold</em></strong></span> <span class='ocrx_word' id='word_1_24' title='bbox 1125 801 1164 843; x_wconf 90' lang='lat' dir='ltr'><strong><em>ac</em></strong></span> <span class='ocrx_word' id='word_1_25' title='bbox 1193 775 1365 843; x_wconf 87' lang='lat' dir='ltr'><strong><em>collatione</em></strong></span> <span class='ocrx_word' id='word_1_26' title='bbox 1387 777 1672 864; x_wconf 66' lang='lat' dir='ltr'><strong><em>exemplariorum,</em></strong></span> <span class='ocrx_word' id='word_1_27' title='bbox 1700 801 1783 864; x_wconf 80' lang='lat' dir='ltr'><strong><em>quae</em></strong></span> <span class='ocrx_word' id='word_1_28' title='bbox 1810 779 2037 844; x_wconf 85' lang='lat' dir='ltr'><strong><em>uetustissimis</em></strong></span> <span class='ocrx_word' id='word_1_29' title='bbox 2063 799 2122 843; x_wconf 85' lang='lat' dir='ltr'><strong><em>nec</em></strong></span> 
     </span>
     <span class='ocr_line' id='line_1_4' title="bbox 457 881 2123 969; baseline -0.002 -20"><span class='ocrx_word' id='word_1_30' title='bbox 457 908 524 950; x_wconf 89' lang='lat' dir='ltr'><strong><em>non</em></strong></span> <span class='ocrx_word' id='word_1_31' title='bbox 547 893 622 949; x_wconf 88' lang='lat' dir='ltr'><strong><em>ante</em></strong></span> <span class='ocrx_word' id='word_1_32' title='bbox 643 885 864 969; x_wconf 63' lang='lat' dir='ltr'><strong><em>septingentos</em></strong></span> <span class='ocrx_word' id='word_1_33' title='bbox 891 903 997 946; x_wconf 90' lang='lat' dir='ltr'><strong><em>annos</em></strong></span> <span class='ocrx_word' id='word_1_34' title='bbox 1024 881 1163 966; x_wconf 88' lang='lat' dir='ltr'><strong><em>depictis</em></strong></span> <span class='ocrx_word' id='word_1_35' title='bbox 1191 881 1433 947; x_wconf 70' lang='lat' dir='ltr'><strong><em>characteribus</em></strong></span> <span class='ocrx_word' id='word_1_36' title='bbox 1456 903 1612 966; x_wconf 76' lang='lat' dir='ltr'><strong><em>supressa</em></strong></span> <span class='ocrx_word' id='word_1_37' title='bbox 1635 892 1740 964; x_wconf 73' lang='lat' dir='ltr'><strong><em>mant,</em></strong></span> <span class='ocrx_word' id='word_1_38' title='bbox 1769 883 1938 968; x_wconf 86' lang='lat' dir='ltr'><strong><em>descripti,</em></strong></span> <span class='ocrx_word' id='word_1_39' title='bbox 1959 882 2123 947; x_wconf 87' lang='lat' dir='ltr'><strong><em>emendati</em></strong></span> 
     </span>
     <span class='ocr_line' id='line_1_5' title="bbox 458 984 2121 1076; baseline -0.002 -23"><span class='ocrx_word' id='word_1_40' title='bbox 458 999 554 1076; x_wconf 84' lang='lat' dir='ltr'><strong><em>atque</em></strong></span> <span class='ocrx_word' id='word_1_41' title='bbox 575 988 612 1052; x_wconf 86' lang='lat' dir='ltr'><strong><em>in</em></strong></span> <span class='ocrx_word' id='word_1_42' title='bbox 635 987 738 1051; x_wconf 89' lang='lat' dir='ltr'><strong><em>lucem</em></strong></span> <span class='ocrx_word' id='word_1_43' title='bbox 755 986 847 1068; x_wconf 88' lang='lat' dir='ltr'><strong><em>editi,</em></strong></span> <span class='ocrx_word' id='word_1_44' title='bbox 865 984 1021 1050; x_wconf 83' lang='lat' dir='ltr'><strong><em>Basileus</em></strong></span> <span class='ocrx_word' id='word_1_45' title='bbox 1038 984 1129 1049; x_wconf 85' lang='grc'><strong>1557.</strong></span> <span class='ocrx_word' id='word_1_46' title='bbox 1143 984 1208 1069; x_wconf 88' lang='lat' dir='ltr'><strong><em>fol.</em></strong></span> <span class='ocrx_word' id='word_1_47' title='bbox 1252 986 1380 1069; x_wconf 83' lang='lat' dir='ltr'><strong><em>Editor,</em></strong></span> <span class='ocrx_word' id='word_1_48' title='bbox 1403 987 1461 1071; x_wconf 83' lang='lat' dir='ltr'><strong><em>qui</em></strong></span> <span class='ocrx_word' id='word_1_49' title='bbox 1485 984 1525 1048; x_wconf 88' lang='lat'><strong><em>14</em></strong></span> <span class='ocrx_word' id='word_1_50' title='bbox 1546 985 1594 1050; x_wconf 84' lang='lat' dir='ltr'><strong><em>ael</em></strong></span> <span class='ocrx_word' id='word_1_51' title='bbox 1615 984 1759 1071; x_wconf 87' lang='lat' dir='ltr'><strong><em>amplius</em></strong></span> <span class='ocrx_word' id='word_1_52' title='bbox 1781 985 1950 1052; x_wconf 72' lang='lat' dir='ltr'><strong><em>codicibus</em></strong></span> <span class='ocrx_word' id='word_1_53' title='bbox 1971 1009 2004 1050; x_wconf 89' lang='lat' dir='ltr'><strong><em>se</em></strong></span> <span class='ocrx_word' id='word_1_54' title='bbox 2025 1009 2121 1050; x_wconf 89' lang='lat' dir='ltr'><strong><em>usum</em></strong></span> 
     </span>
     <span class='ocr_line' id='line_1_6' title="bbox 457 1086 2156 1178; baseline -0.002 -21"><span class='ocrx_word' id='word_1_55' title='bbox 457 1115 523 1158; x_wconf 87' lang='lat' dir='ltr'><strong><em>esse</em></strong></span> <span class='ocrx_word' id='word_1_56' title='bbox 544 1093 580 1157; x_wconf 87' lang='lat' dir='ltr'><strong><em>in</em></strong></span> <span class='ocrx_word' id='word_1_57' title='bbox 598 1090 811 1178; x_wconf 73' lang='lat' dir='ltr'><strong><em>praefatione</em></strong></span> <span class='ocrx_word' id='word_1_58' title='bbox 832 1098 949 1169; x_wconf 90' lang='lat' dir='ltr'><strong><em>monet,</em></strong></span> <span class='ocrx_word' id='word_1_59' title='bbox 968 1086 1083 1172; x_wconf 88' lang='lat' dir='ltr'><strong><em>plures</em></strong></span> <span class='ocrx_word' id='word_1_60' title='bbox 1096 1087 1222 1154; x_wconf 89' lang='lat' dir='ltr'><strong><em>codices</em></strong></span> <span class='ocrx_word' id='word_1_61' title='bbox 1236 1089 1414 1154; x_wconf 84' lang='lat' dir='ltr'><strong><em>Fuldenses</em></strong></span> <span class='ocrx_word' id='word_1_62' title='bbox 1429 1099 1619 1155; x_wconf 85' lang='lat' dir='ltr'><strong><em>nostrarum</em></strong></span> <span class='ocrx_word' id='word_1_63' title='bbox 1633 1089 1740 1177; x_wconf 79' lang='lat' dir='ltr'><strong><em>lopum</em></strong></span> <span class='ocrx_word' id='word_1_64' title='bbox 1755 1099 1830 1154; x_wconf 87' lang='lat' dir='ltr'><strong><em>ante</em></strong></span> <span class='ocrx_word' id='word_1_65' title='bbox 1846 1090 1955 1156; x_wconf 86' lang='lat' dir='ltr'><strong><em>oculos</em></strong></span> <span class='ocrx_word' id='word_1_66' title='bbox 1970 1089 2123 1156; x_wconf 88' lang='lat' dir='ltr'><strong><em>habuisse</em></strong></span> <span class='ocrx_word' id='word_1_67' title='bbox 2141 1112 2156 1154; x_wconf 82' lang='lat' dir='ltr'><strong><em>s</em></strong></span> 
     </span>
     <span class='ocr_line' id='line_1_7' title="bbox 457 1191 2121 1280; baseline -0.001 -21"><span class='ocrx_word' id='word_1_68' title='bbox 457 1197 596 1260; x_wconf 87' lang='lat' dir='ltr'><strong><em>uidetur.</em></strong></span> <span class='ocrx_word' id='word_1_69' title='bbox 651 1193 719 1260; x_wconf 81' lang='lat' dir='ltr'><strong><em>Sed</em></strong></span> <span class='ocrx_word' id='word_1_70' title='bbox 748 1215 819 1257; x_wconf 91' lang='lat' dir='ltr'><strong><em>cum</em></strong></span> <span class='ocrx_word' id='word_1_71' title='bbox 848 1193 918 1256; x_wconf 90' lang='lat' dir='ltr'><strong><em>iam</em></strong></span> <span class='ocrx_word' id='word_1_72' title='bbox 946 1213 1012 1256; x_wconf 89' lang='lat' dir='ltr'><strong><em>non</em></strong></span> <span class='ocrx_word' id='word_1_73' title='bbox 1042 1192 1188 1257; x_wconf 75' lang='lat' dir='ltr'><strong><em>discerni</em></strong></span> <span class='ocrx_word' id='word_1_74' title='bbox 1214 1193 1336 1277; x_wconf 87' lang='lat' dir='ltr'><strong><em>possit,</em></strong></span> <span class='ocrx_word' id='word_1_75' title='bbox 1370 1191 1457 1257; x_wconf 90' lang='lat' dir='ltr'><strong><em>unde</em></strong></span> <span class='ocrx_word' id='word_1_76' title='bbox 1490 1192 1644 1280; x_wconf 80' lang='lat' dir='ltr'><strong><em>sinpulae</em></strong></span> <span class='ocrx_word' id='word_1_77' title='bbox 1669 1202 1783 1278; x_wconf 87' lang='lat' dir='ltr'><strong><em>partes</em></strong></span> <span class='ocrx_word' id='word_1_78' title='bbox 1812 1201 1918 1258; x_wconf 77' lang='lat' dir='ltr'><strong><em>tentus</em></strong></span> <span class='ocrx_word' id='word_1_79' title='bbox 1947 1193 1988 1258; x_wconf 89' lang='lat' dir='ltr'><strong><em>ab</em></strong></span> <span class='ocrx_word' id='word_1_80' title='bbox 2018 1215 2054 1258; x_wconf 92' lang='lat' dir='ltr'><strong><em>eo</em></strong></span> <span class='ocrx_word' id='word_1_81' title='bbox 2083 1196 2121 1258; x_wconf 90' lang='lat' dir='ltr'><strong><em>in</em></strong></span> 
     </span>
     <span class='ocr_line' id='line_1_8' title="bbox 458 1296 2121 1383; baseline -0.002 -19"><span class='ocrx_word' id='word_1_82' title='bbox 458 1298 517 1364; x_wconf 79' lang='lat'><strong><em>107</em></strong></span> <span class='ocrx_word' id='word_1_83' title='bbox 540 1296 650 1364; x_wconf 86' lang='lat' dir='ltr'><strong><em>titulos</em></strong></span> <span class='ocrx_word' id='word_1_84' title='bbox 679 1298 781 1362; x_wconf 86' lang='lat' dir='ltr'><strong><em>dirisi</em></strong></span> <span class='ocrx_word' id='word_1_85' title='bbox 803 1296 1014 1382; x_wconf 80' lang='lat' dir='ltr'><strong><em>depromptae</em></strong></span> <span class='ocrx_word' id='word_1_86' title='bbox 1035 1296 1111 1374; x_wconf 88' lang='lat' dir='ltr'><strong><em>sint,</em></strong></span> <span class='ocrx_word' id='word_1_87' title='bbox 1141 1297 1243 1360; x_wconf 82' lang='lat' dir='ltr'><strong><em>eaden</em></strong></span> <span class='ocrx_word' id='word_1_88' title='bbox 1273 1304 1390 1378; x_wconf 71' lang='lat' dir='ltr'><strong><em>autem</em></strong></span> <span class='ocrx_word' id='word_1_89' title='bbox 1420 1319 1512 1383; x_wconf 82' lang='lat' dir='ltr'><strong><em>quem</em></strong></span> <span class='ocrx_word' id='word_1_90' title='bbox 1539 1319 1603 1382; x_wconf 91' lang='lat' dir='ltr'><strong><em>pro</em></strong></span> <span class='ocrx_word' id='word_1_91' title='bbox 1623 1296 1846 1380; x_wconf 85' lang='lat' dir='ltr'><strong><em>fundamento</em></strong></span> <span class='ocrx_word' id='word_1_92' title='bbox 1878 1297 2003 1380; x_wconf 80' lang='lat' dir='ltr'><strong><em>babuit,</em></strong></span> <span class='ocrx_word' id='word_1_93' title='bbox 2031 1319 2121 1364; x_wconf 88' lang='lat' dir='ltr'><strong><em>nunc</em></strong></span> 
     </span>
     <span class='ocr_line' id='line_1_9' title="bbox 458 1397 2122 1488; baseline -0.002 -20"><span class='ocrx_word' id='word_1_94' title='bbox 458 1402 647 1488; x_wconf 87' lang='lat' dir='ltr'><strong><em>deperditus</em></strong></span> <span class='ocrx_word' id='word_1_95' title='bbox 670 1401 710 1465; x_wconf 90' lang='lat' dir='ltr'><strong><em>ab</em></strong></span> <span class='ocrx_word' id='word_1_96' title='bbox 733 1401 810 1466; x_wconf 87' lang='lat' dir='ltr'><strong><em>aliis</em></strong></span> <span class='ocrx_word' id='word_1_97' title='bbox 832 1398 975 1464; x_wconf 87' lang='lat' dir='ltr'><strong><em>eiusdem</em></strong></span> <span class='ocrx_word' id='word_1_98' title='bbox 1004 1399 1132 1464; x_wconf 87' lang='lat' dir='ltr'><strong><em>ordinis</em></strong></span> <span class='ocrx_word' id='word_1_99' title='bbox 1154 1397 1249 1462; x_wconf 86' lang='lat' dir='ltr'><strong><em>valde</em></strong></span> <span class='ocrx_word' id='word_1_100' title='bbox 1272 1398 1482 1464; x_wconf 80' lang='lat' dir='ltr'><strong><em>abhorruisse</em></strong></span> <span class='ocrx_word' id='word_1_101' title='bbox 1512 1401 1673 1482; x_wconf 86' lang='lat' dir='ltr'><strong><em>videatur,</em></strong></span> <span class='ocrx_word' id='word_1_102' title='bbox 1702 1400 1876 1466; x_wconf 90' lang='lat' dir='ltr'><strong><em>editionem</em></strong></span> <span class='ocrx_word' id='word_1_103' title='bbox 1900 1398 2038 1466; x_wconf 87' lang='lat' dir='ltr'><strong><em>Heroldi</em></strong></span> <span class='ocrx_word' id='word_1_104' title='bbox 2055 1421 2122 1486; x_wconf 86' lang='lat' dir='ltr'><strong><em>pro</em></strong></span> 
     </span>
     <span class='ocr_line' id='line_1_10' title="bbox 458 1501 1077 1588; baseline -0.008 -18"><span class='ocrx_word' id='word_1_105' title='bbox 458 1529 524 1571; x_wconf 88' lang='lat' dir='ltr'><strong><em>uno</em></strong></span> <span class='ocrx_word' id='word_1_106' title='bbox 547 1505 656 1571; x_wconf 89' lang='lat' dir='ltr'><strong><em>codice</em></strong></span> <span class='ocrx_word' id='word_1_107' title='bbox 678 1505 731 1588; x_wconf 92' lang='grc' dir='ltr'><strong><em>(Β</em></strong></span> <span class='ocrx_word' id='word_1_108' title='bbox 746 1501 800 1585; x_wconf 86' lang='grc'><strong><em>15)</em></strong></span> <span class='ocrx_word' id='word_1_109' title='bbox 824 1503 1077 1567; x_wconf 84' lang='lat' dir='ltr'><strong><em>numerauimus.</em></strong></span> 
     </span>
    </p>

    <p class='ocr_par' dir='ltr' id='par_1_3' title="bbox 450 1603 2170 1898">
     <span class='ocr_line' id='line_1_11' title="bbox 562 1603 2170 1692; baseline -0.001 -18"><span class='ocrx_word' id='word_1_110' title='bbox 562 1611 594 1674; x_wconf 85' lang='lat'><strong><em>4.</em></strong></span> <span class='ocrx_word' id='word_1_111' title='bbox 632 1605 791 1672; x_wconf 70' lang='lat' dir='ltr'><strong><em>Mehhior</em></strong></span> <span class='ocrx_word' id='word_1_112' title='bbox 818 1603 1044 1691; x_wconf 87' lang='lat' dir='ltr'><strong><em>Haiminsfeld</em></strong></span> <span class='ocrx_word' id='word_1_113' title='bbox 1072 1603 1257 1686; x_wconf 81' lang='lat' dir='ltr'><strong><em>Goldast,</em></strong></span> <span class='ocrx_word' id='word_1_114' title='bbox 1293 1603 1592 1672; x_wconf 90' lang='lat' dir='ltr'><strong><em>Alamannicarnm</em></strong></span> <span class='ocrx_word' id='word_1_115' title='bbox 1618 1627 1728 1672; x_wconf 91' lang='lat' dir='ltr'><strong><em>rerum</em></strong></span> <span class='ocrx_word' id='word_1_116' title='bbox 1757 1608 1949 1692; x_wconf 79' lang='lat' dir='ltr'><strong><em>scriptores,</em></strong></span> <span class='ocrx_word' id='word_1_117' title='bbox 1976 1608 2117 1674; x_wconf 88' lang='lat' dir='ltr'><strong><em>Franco·</em></strong></span> <span class='ocrx_word' id='word_1_118' title='bbox 2142 1633 2170 1672; x_wconf 86' lang='grc' dir='ltr'><strong><em>ιο</em></strong></span> 
     </span>
     <span class='ocr_line' id='line_1_12' title="bbox 450 1695 2121 1800; baseline -0.001 -22"><span class='ocrx_word' id='word_1_119' title='bbox 450 1715 544 1800; x_wconf 71' lang='lat' dir='ltr'><strong><em>furis</em></strong></span> <span class='ocrx_word' id='word_1_120' title='bbox 571 1711 662 1778; x_wconf 88' lang='lat'>1606.</span> <span class='ocrx_word' id='word_1_121' title='bbox 689 1708 896 1776; x_wconf 82' lang='lat'><strong><em>1661.1730.</em></strong></span> <span class='ocrx_word' id='word_1_122' title='bbox 954 1708 1100 1774; x_wconf 62' lang='lat' dir='ltr'><strong><em>rosseum</em></strong></span> <span class='ocrx_word' id='word_1_123' title='bbox 1128 1707 1219 1772; x_wconf 80' lang='lat'><strong><em>1312</em></strong></span> <span class='ocrx_word' id='word_1_124' title='bbox 1248 1719 1376 1774; x_wconf 66' lang='lat' dir='ltr'><strong><em>sacena</em></strong></span> <span class='ocrx_word' id='word_1_125' title='bbox 1405 1695 1544 1774; x_wconf 73' lang='lat' dir='ltr'><strong><em>esseae</em></strong></span> <span class='ocrx_word' id='word_1_126' title='bbox 1572 1709 1613 1774; x_wconf 84' lang='lat' dir='ltr'><strong><em>ss</em></strong></span> <span class='ocrx_word' id='word_1_127' title='bbox 1641 1709 1751 1774; x_wconf 71' lang='lat' dir='ltr'><strong><em>seruos</em></strong></span> <span class='ocrx_word' id='word_1_128' title='bbox 1780 1711 1946 1776; x_wconf 61' lang='lat' dir='ltr'><strong><em>erassum.</em></strong></span> <span class='ocrx_word' id='word_1_129' title='bbox 1999 1712 2121 1778; x_wconf 68' lang='lat' dir='ltr'><strong><em>rrum</em></strong></span> 
     </span>
     <span class='ocr_line' id='line_1_13' title="bbox 459 1812 1666 1898; baseline -0.005 -16"><span class='ocrx_word' id='word_1_130' title='bbox 459 1827 566 1882; x_wconf 88' lang='lat' dir='ltr'><strong><em>autem</em></strong></span> <span class='ocrx_word' id='word_1_131' title='bbox 593 1815 642 1881; x_wconf 91' lang='lat' dir='ltr'><strong><em>VI.</em></strong></span> <span class='ocrx_word' id='word_1_132' title='bbox 665 1824 694 1879; x_wconf 90' lang='lat' dir='ltr'><strong><em>et</em></strong></span> <span class='ocrx_word' id='word_1_133' title='bbox 722 1814 809 1879; x_wconf 85' lang='lat' dir='ltr'><strong><em>VIII.</em></strong></span> <span class='ocrx_word' id='word_1_134' title='bbox 832 1822 937 1877; x_wconf 80' lang='lat' dir='ltr'><strong><em>tentus</em></strong></span> <span class='ocrx_word' id='word_1_135' title='bbox 958 1813 990 1876; x_wconf 92' lang='lat' dir='ltr'><em>B</em></span> <span class='ocrx_word' id='word_1_136' title='bbox 1012 1813 1094 1898; x_wconf 75' lang='lat' dir='ltr'><strong><em>Lepi</em></strong></span> <span class='ocrx_word' id='word_1_137' title='bbox 1116 1815 1213 1898; x_wconf 81' lang='lat' dir='ltr'><strong><em>quasi</em></strong></span> <span class='ocrx_word' id='word_1_138' title='bbox 1235 1812 1463 1878; x_wconf 88' lang='lat' dir='ltr'><strong><em>additamenta</em></strong></span> <span class='ocrx_word' id='word_1_139' title='bbox 1484 1813 1666 1878; x_wconf 76' lang='lat' dir='ltr'><strong><em>subiunxit.</em></strong></span> 
     </span>
    </p>

    <p class='ocr_par' dir='ltr' id='par_1_4' title="bbox 457 1913 2171 2316">
     <span class='ocr_line' id='line_1_14' title="bbox 564 1913 2120 2004; baseline -0.001 -21"><span class='ocrx_word' id='word_1_140' title='bbox 564 1922 594 1984; x_wconf 91' lang='grc'><strong><em>5.</em></strong></span> <span class='ocrx_word' id='word_1_141' title='bbox 627 1919 722 1988; x_wconf 70' lang='lat' dir='ltr'><strong><em>Iria.</em></strong></span> <span class='ocrx_word' id='word_1_142' title='bbox 743 1915 1007 2002; x_wconf 77' lang='lat' dir='ltr'><strong><em>Lindenbrop</em></strong></span> <span class='ocrx_word' id='word_1_143' title='bbox 1015 1965 1025 2000; x_wconf 95' lang='lat'><strong><em>,</em></strong></span> <span class='ocrx_word' id='word_1_144' title='bbox 1050 1915 1159 1982; x_wconf 79' lang='lat' dir='ltr'><strong><em>Codes·</em></strong></span> <span class='ocrx_word' id='word_1_145' title='bbox 1177 1913 1284 2002; x_wconf 75' lang='lat' dir='ltr'><strong><em>ispum</em></strong></span> <span class='ocrx_word' id='word_1_146' title='bbox 1299 1917 1526 2004; x_wconf 82' lang='lat' dir='ltr'><strong><em>antiquarum,</em></strong></span> <span class='ocrx_word' id='word_1_147' title='bbox 1549 1918 1585 1982; x_wconf 90' lang='lat' dir='ltr'><strong><em>in</em></strong></span> <span class='ocrx_word' id='word_1_148' title='bbox 1608 1939 1671 2003; x_wconf 86' lang='lat' dir='ltr'><strong><em>quo</em></strong></span> <span class='ocrx_word' id='word_1_149' title='bbox 1694 1919 1903 1984; x_wconf 87' lang='lat' dir='ltr'><strong><em>continentur</em></strong></span> <span class='ocrx_word' id='word_1_150' title='bbox 1923 1917 2008 2004; x_wconf 79' lang='lat' dir='ltr'><strong><em>lepes</em></strong></span> <span class='ocrx_word' id='word_1_151' title='bbox 2025 1917 2120 1985; x_wconf 87' lang='lat' dir='ltr'><strong><em>Wisi-</em></strong></span> 
     </span>
     <span class='ocr_line' id='line_1_15' title="bbox 457 2017 2123 2110; baseline -0.001 -23"><span class='ocrx_word' id='word_1_152' title='bbox 457 2024 640 2110; x_wconf 73' lang='lat' dir='ltr'><strong><em>potiorum,</em></strong></span> <span class='ocrx_word' id='word_1_153' title='bbox 662 2023 800 2087; x_wconf 88' lang='lat' dir='ltr'><strong><em>edictum</em></strong></span> <span class='ocrx_word' id='word_1_154' title='bbox 827 2019 1019 2085; x_wconf 86' lang='lat' dir='ltr'><strong><em>Theodorici</em></strong></span> <span class='ocrx_word' id='word_1_155' title='bbox 1040 2021 1138 2105; x_wconf 75' lang='lat' dir='ltr'><strong><em>repis,</em></strong></span> <span class='ocrx_word' id='word_1_156' title='bbox 1159 2017 1212 2084; x_wconf 77' lang='lat' dir='ltr'><strong><em>lea</em></strong></span> <span class='ocrx_word' id='word_1_157' title='bbox 1234 2020 1527 2105; x_wconf 80' lang='lat' dir='ltr'><strong><em>Bnrpundionum,</em></strong></span> <span class='ocrx_word' id='word_1_158' title='bbox 1549 2019 1602 2084; x_wconf 77' lang='lat' dir='ltr'><strong><em>len</em></strong></span> <span class='ocrx_word' id='word_1_159' title='bbox 1624 2018 1751 2102; x_wconf 81' lang='lat' dir='ltr'><strong><em>Salica,</em></strong></span> <span class='ocrx_word' id='word_1_160' title='bbox 1773 2021 1827 2086; x_wconf 72' lang='lat' dir='ltr'><strong><em>tea</em></strong></span> <span class='ocrx_word' id='word_1_161' title='bbox 1847 2021 2123 2104; x_wconf 89' lang='lat' dir='ltr'><strong><em>Alamannorum,</em></strong></span> 
     </span>
     <span class='ocr_line' id='line_1_16' title="bbox 458 2123 2171 2213; baseline 0 -23"><span class='ocrx_word' id='word_1_162' title='bbox 458 2128 511 2191; x_wconf 84' lang='lat' dir='ltr'><strong><em>len</em></strong></span> <span class='ocrx_word' id='word_1_163' title='bbox 541 2127 805 2192; x_wconf 87' lang='lat' dir='ltr'><strong><em>Baiurariorum</em></strong></span> <span class='ocrx_word' id='word_1_164' title='bbox 837 2133 893 2188; x_wconf 87' lang='lat' dir='ltr'><strong><em>etc.</em></strong></span> <span class='ocrx_word' id='word_1_165' title='bbox 930 2146 1020 2189; x_wconf 91' lang='lat' dir='ltr'><strong><em>nunc</em></strong></span> <span class='ocrx_word' id='word_1_166' title='bbox 1048 2124 1197 2210; x_wconf 88' lang='lat' dir='ltr'><strong><em>primum</em></strong></span> <span class='ocrx_word' id='word_1_167' title='bbox 1226 2123 1332 2188; x_wconf 89' lang='lat' dir='ltr'><strong><em>editae</em></strong></span> <span class='ocrx_word' id='word_1_168' title='bbox 1361 2145 1401 2188; x_wconf 83' lang='lat' dir='ltr'><strong><em>en</em></strong></span> <span class='ocrx_word' id='word_1_169' title='bbox 1426 2123 1617 2189; x_wconf 78' lang='lat' dir='ltr'><strong><em>bibliotheca</em></strong></span> <span class='ocrx_word' id='word_1_170' title='bbox 1646 2123 1739 2191; x_wconf 78' lang='lat' dir='ltr'><strong><em>Ihid.</em></strong></span> <span class='ocrx_word' id='word_1_171' title='bbox 1769 2126 1994 2213; x_wconf 78' lang='lat' dir='ltr'><strong><em>Lindenbropi</em></strong></span> <span class='ocrx_word' id='word_1_172' title='bbox 2021 2126 2047 2191; x_wconf 92' lang='grc' dir='ltr'><strong><em>Ι.</em></strong></span> <span class='ocrx_word' id='word_1_173' title='bbox 2078 2125 2171 2211; x_wconf 78' lang='lat' dir='ltr'><strong><em>C.,1c</em></strong></span> 
     </span>
     <span class='ocr_line' id='line_1_17' title="bbox 459 2226 2123 2316; baseline 0.001 -22"><span class='ocrx_word' id='word_1_174' title='bbox 459 2229 675 2316; x_wconf 82' lang='lat' dir='ltr'><strong><em>Francafurti</em></strong></span> <span class='ocrx_word' id='word_1_175' title='bbox 699 2228 789 2294; x_wconf 88' lang='lat'>1613.</span> <span class='ocrx_word' id='word_1_176' title='bbox 802 2226 868 2313; x_wconf 89' lang='lat' dir='ltr'><strong><em>fol.</em></strong></span> <span class='ocrx_word' id='word_1_177' title='bbox 911 2227 1122 2313; x_wconf 80' lang='lat' dir='ltr'><strong><em>Lindenbrcp</em></strong></span> <span class='ocrx_word' id='word_1_178' title='bbox 1144 2229 1250 2292; x_wconf 86' lang='lat' dir='ltr'><strong><em>variis</em></strong></span> <span class='ocrx_word' id='word_1_179' title='bbox 1272 2227 1438 2293; x_wconf 86' lang='lat' dir='ltr'><strong><em>codicibus</em></strong></span> <span class='ocrx_word' id='word_1_180' title='bbox 1460 2251 1551 2308; x_wconf 89' lang='lat' dir='ltr'><strong><em>usus,</em></strong></span> <span class='ocrx_word' id='word_1_181' title='bbox 1570 2230 1753 2312; x_wconf 90' lang='lat' dir='ltr'><strong><em>praecipue</em></strong></span> <span class='ocrx_word' id='word_1_182' title='bbox 1774 2226 1869 2294; x_wconf 92' lang='lat' dir='ltr'><strong><em>All.</em></strong></span> <span class='ocrx_word' id='word_1_183' title='bbox 1889 2230 2123 2296; x_wconf 86' lang='grc' dir='ltr'><strong><em>Β1.6.11.35</em></strong></span> 
     </span>
    </p>
   </div>
   <div class='ocr_carea' id='block_1_3' title="bbox 341 2329 2122 2422">
    <p class='ocr_par' dir='ltr' id='par_1_5' title="bbox 341 2329 2122 2422">
     <span class='ocr_line' id='line_1_18' title="bbox 341 2329 2122 2422; baseline 0 -24"><span class='ocrx_word' id='word_1_184' title='bbox 341 2329 343 2334; x_wconf 67' lang='grc'>’</span> <span class='ocrx_word' id='word_1_185' title='bbox 459 2359 516 2400; x_wconf 89' lang='lat' dir='ltr'><strong><em>nec</em></strong></span> <span class='ocrx_word' id='word_1_186' title='bbox 536 2357 602 2399; x_wconf 90' lang='lat' dir='ltr'><strong><em>non</em></strong></span> <span class='ocrx_word' id='word_1_187' title='bbox 624 2333 746 2419; x_wconf 76' lang='lat' dir='ltr'><strong><em>ipnotis</em></strong></span> <span class='ocrx_word' id='word_1_188' title='bbox 761 2331 957 2418; x_wconf 84' lang='lat' dir='ltr'><strong><em>quibusdam</em></strong></span> <span class='ocrx_word' id='word_1_189' title='bbox 973 2329 1149 2412; x_wconf 88' lang='lat' dir='ltr'><strong><em>codicibus,</em></strong></span> <span class='ocrx_word' id='word_1_190' title='bbox 1172 2353 1251 2417; x_wconf 86' lang='lat' dir='ltr'><strong><em>qnos</em></strong></span> <span class='ocrx_word' id='word_1_191' title='bbox 1265 2331 1368 2396; x_wconf 87' lang='lat' dir='ltr'><strong><em>literis</em></strong></span> <span class='ocrx_word' id='word_1_192' title='bbox 1385 2331 1470 2396; x_wconf 90' lang='grc' dir='ltr'><strong><em>Β36</em></strong></span> <span class='ocrx_word' id='word_1_193' title='bbox 1492 2332 1709 2418; x_wconf 68' lang='grc' dir='ltr'><strong><em>εἰρπαυίπιιιε,</em></strong></span> <span class='ocrx_word' id='word_1_194' title='bbox 1731 2334 1816 2396; x_wconf 87' lang='lat' dir='ltr'><strong><em>sicut</em></strong></span> <span class='ocrx_word' id='word_1_195' title='bbox 1833 2332 1937 2400; x_wconf 79' lang='lat' dir='ltr'><strong><em>lilius</em></strong></span> <span class='ocrx_word' id='word_1_196' title='bbox 1952 2335 1993 2400; x_wconf 87' lang='grc'><strong><em>99</em></strong></span> <span class='ocrx_word' id='word_1_197' title='bbox 2008 2337 2122 2422; x_wconf 89' lang='lat' dir='ltr'><strong><em>capita</em></strong></span> 
     </span>
    </p>
   </div>
   <div class='ocr_carea' id='block_1_4' title="bbox 409 2439 2172 5632">
    <p class='ocr_par' dir='ltr' id='par_1_6' title="bbox 460 2439 2171 3143">
     <span class='ocr_line' id='line_1_19' title="bbox 460 2439 1934 2503; baseline -0.001 0"><span class='ocrx_word' id='word_1_198' title='bbox 460 2439 623 2503; x_wconf 86' lang='lat' dir='ltr'><strong><em>discrevit.</em></strong></span> <span class='ocrx_word' id='word_1_199' title='bbox 1933 2475 1934 2478; x_wconf 61' lang='lat'><em>=</em></span> 
     </span>
     <span class='ocr_line' id='line_1_20' title="bbox 566 2536 2122 2627; baseline 0.003 -24"><span class='ocrx_word' id='word_1_200' title='bbox 566 2540 596 2606; x_wconf 87' lang='grc'><strong><em>6.</em></strong></span> <span class='ocrx_word' id='word_1_201' title='bbox 620 2539 808 2624; x_wconf 76' lang='lat' dir='ltr'><strong><em>Stephanus</em></strong></span> <span class='ocrx_word' id='word_1_202' title='bbox 819 2538 971 2603; x_wconf 80' lang='lat' dir='ltr'><strong><em>Balari</em></strong></span> <span class='ocrx_word' id='word_1_203' title='bbox 978 2560 1023 2602; x_wconf 89' lang='lat' dir='ltr'><strong><em>us</em></strong></span> <span class='ocrx_word' id='word_1_204' title='bbox 1029 2586 1038 2619; x_wconf 91' lang='lat'><strong><em>,</em></strong></span> <span class='ocrx_word' id='word_1_205' title='bbox 1053 2536 1266 2623; x_wconf 89' lang='lat' dir='ltr'><strong><em>Capitularia</em></strong></span> <span class='ocrx_word' id='word_1_206' title='bbox 1278 2561 1391 2624; x_wconf 74' lang='lat' dir='ltr'><strong><em>reyum</em></strong></span> <span class='ocrx_word' id='word_1_207' title='bbox 1403 2537 1609 2603; x_wconf 74' lang='lat' dir='ltr'><strong><em>Ihoncmum</em></strong></span> <span class='ocrx_word' id='word_1_208' title='bbox 1621 2537 1783 2619; x_wconf 87' lang='lat' dir='ltr'><strong><em>(Parisiis</em></strong></span> <span class='ocrx_word' id='word_1_209' title='bbox 1795 2538 1893 2622; x_wconf 80' lang='lat'>1677)</span> <span class='ocrx_word' id='word_1_210' title='bbox 1905 2540 1932 2624; x_wconf 90' lang='lat' dir='ltr'><strong><em>I,</em></strong></span> <span class='ocrx_word' id='word_1_211' title='bbox 1938 2563 1977 2627; x_wconf 89' lang='lat' dir='ltr'><strong><em>p.</em></strong></span> <span class='ocrx_word' id='word_1_212' title='bbox 1986 2541 2122 2624; x_wconf 84' lang='lat'><strong><em>53-90,</em></strong></span> 
     </span>
     <span class='ocr_line' id='line_1_21' title="bbox 462 2641 2171 2731; baseline -0.002 -21"><span class='ocrx_word' id='word_1_213' title='bbox 462 2644 647 2710; x_wconf 86' lang='lat' dir='ltr'><strong><em>nonsolnm</em></strong></span> <span class='ocrx_word' id='word_1_214' title='bbox 664 2643 752 2724; x_wconf 81' lang='lat' dir='ltr'><strong><em>Titii,</em></strong></span> <span class='ocrx_word' id='word_1_215' title='bbox 769 2641 916 2722; x_wconf 88' lang='lat' dir='ltr'><strong><em>Heroldi,</em></strong></span> <span class='ocrx_word' id='word_1_216' title='bbox 932 2641 1170 2727; x_wconf 75' lang='lat' dir='ltr'><strong><em>Lindenbropii</em></strong></span> <span class='ocrx_word' id='word_1_217' title='bbox 1191 2641 1388 2706; x_wconf 88' lang='lat' dir='ltr'><strong><em>editionibus</em></strong></span> <span class='ocrx_word' id='word_1_218' title='bbox 1411 2665 1490 2706; x_wconf 88' lang='lat' dir='ltr'><strong><em>usus</em></strong></span> <span class='ocrx_word' id='word_1_219' title='bbox 1512 2650 1569 2722; x_wconf 87' lang='lat' dir='ltr'><strong><em>est,</em></strong></span> <span class='ocrx_word' id='word_1_220' title='bbox 1590 2641 1758 2706; x_wconf 88' lang='lat' dir='ltr'><strong><em>sedetiam</em></strong></span> <span class='ocrx_word' id='word_1_221' title='bbox 1774 2643 2124 2731; x_wconf 79' lang='lat' dir='ltr'><strong><em>codicesillisipnotcs</em></strong></span> <span class='ocrx_word' id='word_1_222' title='bbox 2142 2667 2171 2707; x_wconf 83' lang='lat' dir='ltr'><strong><em>sc</em></strong></span> 
     </span>
     <span class='ocr_line' id='line_1_22' title="bbox 463 2743 2124 2831; baseline -0.001 -17"><span class='ocrx_word' id='word_1_223' title='bbox 463 2748 623 2828; x_wconf 84' lang='lat' dir='ltr'><strong><em>adhibuit,</em></strong></span> <span class='ocrx_word' id='word_1_224' title='bbox 646 2745 767 2811; x_wconf 87' lang='lat' dir='ltr'><strong><em>scilicet</em></strong></span> <span class='ocrx_word' id='word_1_225' title='bbox 789 2744 884 2808; x_wconf 81' lang='lat' dir='ltr'><strong><em>A12.</em></strong></span> <span class='ocrx_word' id='word_1_226' title='bbox 908 2744 939 2808; x_wconf 95' lang='grc' dir='ltr'><em>Β</em></span> <span class='ocrx_word' id='word_1_227' title='bbox 960 2744 990 2809; x_wconf 93' lang='grc'><strong><em>5.</em></strong></span> <span class='ocrx_word' id='word_1_228' title='bbox 1012 2745 1063 2809; x_wconf 84' lang='grc'><strong><em>25.</em></strong></span> <span class='ocrx_word' id='word_1_229' title='bbox 1085 2745 1137 2809; x_wconf 81' lang='lat'><strong><em>26.</em></strong></span> <span class='ocrx_word' id='word_1_230' title='bbox 1187 2743 1343 2811; x_wconf 85' lang='lat' dir='ltr'><strong><em>Ordinem</em></strong></span> <span class='ocrx_word' id='word_1_231' title='bbox 1357 2745 1597 2831; x_wconf 76' lang='lat' dir='ltr'><strong><em>Lindenbrcpii</em></strong></span> <span class='ocrx_word' id='word_1_232' title='bbox 1617 2753 1745 2810; x_wconf 89' lang='lat' dir='ltr'><strong><em>secutus</em></strong></span> <span class='ocrx_word' id='word_1_233' title='bbox 1766 2747 1808 2811; x_wconf 92' lang='grc'><strong><em>99</em></strong></span> <span class='ocrx_word' id='word_1_234' title='bbox 1828 2746 1937 2812; x_wconf 87' lang='lat' dir='ltr'><strong><em>titulos</em></strong></span> <span class='ocrx_word' id='word_1_235' title='bbox 1959 2749 2124 2831; x_wconf 72' lang='lat' dir='ltr'><strong><em>distinxit,</em></strong></span> 
     </span>
     <span class='ocr_line' id='line_1_23' title="bbox 463 2847 2126 2944; baseline 0.001 -28"><span class='ocrx_word' id='word_1_236' title='bbox 463 2853 579 2939; x_wconf 87' lang='lat' dir='ltr'><strong><em>quibus</em></strong></span> <span class='ocrx_word' id='word_1_237' title='bbox 601 2853 648 2944; x_wconf 86' lang='lat' dir='ltr'><strong><em>tit.</em></strong></span> <span class='ocrx_word' id='word_1_238' title='bbox 667 2849 750 2932; x_wconf 88' lang='lat' dir='ltr'><strong><em>CVI,</em></strong></span> <span class='ocrx_word' id='word_1_239' title='bbox 772 2855 802 2933; x_wconf 61' lang='grc' dir='ltr'><strong><em>ξ.</em></strong></span> <span class='ocrx_word' id='word_1_240' title='bbox 817 2849 847 2912; x_wconf 81' lang='lat'><strong><em>2.</em></strong></span> <span class='ocrx_word' id='word_1_241' title='bbox 870 2847 970 2914; x_wconf 82' lang='lat' dir='ltr'><strong><em>CVII.</em></strong></span> <span class='ocrx_word' id='word_1_242' title='bbox 995 2847 1134 2913; x_wconf 88' lang='lat' dir='ltr'><strong><em>Heroldi</em></strong></span> <span class='ocrx_word' id='word_1_243' title='bbox 1156 2849 1213 2913; x_wconf 89' lang='lat' dir='ltr'><strong><em>sub</em></strong></span> <span class='ocrx_word' id='word_1_244' title='bbox 1236 2848 1388 2913; x_wconf 88' lang='lat' dir='ltr'><strong><em>rubrica:</em></strong></span> <span class='ocrx_word' id='word_1_245' title='bbox 1411 2850 1499 2913; x_wconf 86' lang='lat' dir='ltr'><strong><em>‘Item</em></strong></span> <span class='ocrx_word' id='word_1_246' title='bbox 1523 2849 1593 2912; x_wconf 90' lang='lat' dir='ltr'><strong><em>alia</em></strong></span> <span class='ocrx_word' id='word_1_247' title='bbox 1617 2847 1776 2933; x_wconf 88' lang='lat' dir='ltr'><strong><em>capitula&#39;</em></strong></span> <span class='ocrx_word' id='word_1_248' title='bbox 1798 2849 1938 2916; x_wconf 89' lang='lat' dir='ltr'><strong><em>addidit.</em></strong></span> <span class='ocrx_word' id='word_1_249' title='bbox 1982 2853 2126 2918; x_wconf 86' lang='lat' dir='ltr'><strong><em>Maioris</em></strong></span> 
     </span>
     <span class='ocr_line' id='line_1_24' title="bbox 463 2949 2124 3038; baseline -0.001 -17"><span class='ocrx_word' id='word_1_250' title='bbox 463 2965 571 3021; x_wconf 89' lang='lat' dir='ltr'><strong><em>autem</em></strong></span> <span class='ocrx_word' id='word_1_251' title='bbox 597 2954 749 3019; x_wconf 88' lang='lat' dir='ltr'><strong><em>momenti</em></strong></span> <span class='ocrx_word' id='word_1_252' title='bbox 775 2961 831 3035; x_wconf 89' lang='lat' dir='ltr'><strong><em>est,</em></strong></span> <span class='ocrx_word' id='word_1_253' title='bbox 861 2952 948 3038; x_wconf 83' lang='lat' dir='ltr'><strong><em>quod</em></strong></span> <span class='ocrx_word' id='word_1_254' title='bbox 969 2951 1130 3016; x_wconf 74' lang='lat' dir='ltr'><strong><em>Betucius</em></strong></span> <span class='ocrx_word' id='word_1_255' title='bbox 1149 2953 1280 3036; x_wconf 87' lang='lat' dir='ltr'><strong><em>primns</em></strong></span> <span class='ocrx_word' id='word_1_256' title='bbox 1302 2952 1371 3016; x_wconf 89' lang='lat' dir='ltr'><strong><em>tria</em></strong></span> <span class='ocrx_word' id='word_1_257' title='bbox 1392 2951 1487 3017; x_wconf 85' lang='lat' dir='ltr'><strong><em>Paeti</em></strong></span> <span class='ocrx_word' id='word_1_258' title='bbox 1508 2953 1614 3016; x_wconf 88' lang='lat' dir='ltr'><strong><em>nost-ri</em></strong></span> <span class='ocrx_word' id='word_1_259' title='bbox 1625 2949 1823 3038; x_wconf 78' lang='lat' dir='ltr'><strong><em>frapmenta</em></strong></span> <span class='ocrx_word' id='word_1_260' title='bbox 1845 2975 1884 3016; x_wconf 79' lang='lat' dir='ltr'><strong><em>en</em></strong></span> <span class='ocrx_word' id='word_1_261' title='bbox 1906 2955 2015 3020; x_wconf 86' lang='lat' dir='ltr'><strong><em>codice</em></strong></span> <span class='ocrx_word' id='word_1_262' title='bbox 2037 2954 2124 3020; x_wconf 82' lang='lat' dir='ltr'><strong><em>A12</em></strong></span> 
     </span>
     <span class='ocr_line' id='line_1_25' title="bbox 462 3055 791 3143; baseline -0.015 -17"><span class='ocrx_word' id='word_1_263' title='bbox 462 3062 499 3126; x_wconf 89' lang='lat' dir='ltr'><strong><em>in</em></strong></span> <span class='ocrx_word' id='word_1_264' title='bbox 522 3059 623 3124; x_wconf 89' lang='lat' dir='ltr'><strong><em>lucem</em></strong></span> <span class='ocrx_word' id='word_1_265' title='bbox 639 3055 791 3143; x_wconf 89' lang='lat' dir='ltr'><strong><em>protulit.</em></strong></span> 
     </span>
    </p>

    <p class='ocr_par' dir='ltr' id='par_1_7' title="bbox 462 3156 2172 3560">
     <span class='ocr_line' id='line_1_26' title="bbox 568 3156 2172 3242; baseline -0.002 -16"><span class='ocrx_word' id='word_1_266' title='bbox 568 3162 597 3226; x_wconf 80' lang='lat' dir='ltr'><strong><em>I.</em></strong></span> <span class='ocrx_word' id='word_1_267' title='bbox 630 3161 778 3228; x_wconf 89' lang='lat' dir='ltr'><strong><em>Joannes</em></strong></span> <span class='ocrx_word' id='word_1_268' title='bbox 801 3160 827 3224; x_wconf 84' lang='lat' dir='ltr'><strong><em>S</em></strong></span> <span class='ocrx_word' id='word_1_269' title='bbox 835 3159 990 3225; x_wconf 90' lang='lat' dir='ltr'><strong><em>chilter</em></strong></span> <span class='ocrx_word' id='word_1_270' title='bbox 997 3209 1007 3242; x_wconf 94' lang='lat'><strong><em>,</em></strong></span> <span class='ocrx_word' id='word_1_271' title='bbox 1037 3157 1121 3222; x_wconf 88' lang='lat' dir='ltr'><strong><em>‘Das</em></strong></span> <span class='ocrx_word' id='word_1_272' title='bbox 1151 3159 1213 3223; x_wconf 90' lang='lat' dir='ltr'><strong><em>alte</em></strong></span> <span class='ocrx_word' id='word_1_273' title='bbox 1236 3157 1486 3224; x_wconf 87' lang='lat' dir='ltr'><strong><em>Alemannische</em></strong></span> <span class='ocrx_word' id='word_1_274' title='bbox 1507 3156 1696 3223; x_wconf 88' lang='lat' dir='ltr'><strong><em>Landrecht</em></strong></span> <span class='ocrx_word' id='word_1_275' title='bbox 1724 3179 1786 3224; x_wconf 89' lang='lat' dir='ltr'><strong><em>aus</em></strong></span> <span class='ocrx_word' id='word_1_276' title='bbox 1815 3162 1918 3226; x_wconf 88' lang='lat' dir='ltr'><strong><em>einem</em></strong></span> <span class='ocrx_word' id='word_1_277' title='bbox 1937 3162 2124 3228; x_wconf 70' lang='lat' dir='ltr'><strong><em>,beudhrten</em></strong></span> <span class='ocrx_word' id='word_1_278' title='bbox 2142 3185 2172 3224; x_wconf 79' lang='lat' dir='ltr'><strong><em>ss</em></strong></span> 
     </span>
     <span class='ocr_line' id='line_1_27' title="bbox 463 3262 2124 3348; baseline 0 -17"><span class='ocrx_word' id='word_1_279' title='bbox 463 3268 524 3332; x_wconf 82' lang='lat' dir='ltr'><strong><em>Mc.</em></strong></span> <span class='ocrx_word' id='word_1_280' title='bbox 547 3267 720 3331; x_wconf 87' lang='lat' dir='ltr'><strong><em>oerbessert</em></strong></span> <span class='ocrx_word' id='word_1_281' title='bbox 741 3287 812 3328; x_wconf 84' lang='lat' dir='ltr'><strong><em>zum</em></strong></span> <span class='ocrx_word' id='word_1_282' title='bbox 834 3272 937 3328; x_wconf 87' lang='lat' dir='ltr'><strong><em>ersten</em></strong></span> <span class='ocrx_word' id='word_1_283' title='bbox 959 3262 1226 3348; x_wconf 76' lang='lat' dir='ltr'><strong><em>hercuspepeben’</em></strong></span> <span class='ocrx_word' id='word_1_284' title='bbox 1248 3264 1284 3326; x_wconf 91' lang='lat' dir='ltr'><strong><em>in</em></strong></span> <span class='ocrx_word' id='word_1_285' title='bbox 1306 3262 1398 3344; x_wconf 90' lang='lat' dir='ltr'><strong><em>libro,</em></strong></span> <span class='ocrx_word' id='word_1_286' title='bbox 1426 3263 1484 3347; x_wconf 84' lang='lat' dir='ltr'><strong><em>qui</em></strong></span> <span class='ocrx_word' id='word_1_287' title='bbox 1506 3263 1717 3328; x_wconf 86' lang='lat' dir='ltr'><strong><em>inscribitur:</em></strong></span> <span class='ocrx_word' id='word_1_288' title='bbox 1743 3262 1819 3328; x_wconf 89' lang='lat' dir='ltr'><strong><em>‘Die</em></strong></span> <span class='ocrx_word' id='word_1_289' title='bbox 1841 3266 1948 3330; x_wconf 81' lang='lat' dir='ltr'><strong><em>itlteste</em></strong></span> <span class='ocrx_word' id='word_1_290' title='bbox 1972 3265 2124 3331; x_wconf 84' lang='lat' dir='ltr'><strong><em>Teutsche</em></strong></span> 
     </span>
     <span class='ocr_line' id='line_1_28' title="bbox 462 3365 2123 3455; baseline -0.001 -20"><span class='ocrx_word' id='word_1_291' title='bbox 462 3370 558 3436; x_wconf 87' lang='lat' dir='ltr'><strong><em>sowol</em></strong></span> <span class='ocrx_word' id='word_1_292' title='bbox 579 3367 766 3455; x_wconf 80' lang='lat' dir='ltr'><strong><em>allpemcine</em></strong></span> <span class='ocrx_word' id='word_1_293' title='bbox 795 3368 845 3432; x_wconf 90' lang='lat' dir='ltr'><strong><em>als</em></strong></span> <span class='ocrx_word' id='word_1_294' title='bbox 870 3365 1094 3432; x_wconf 87' lang='lat' dir='ltr'><strong><em>insonderheit</em></strong></span> <span class='ocrx_word' id='word_1_295' title='bbox 1115 3365 1318 3430; x_wconf 71' lang='lat' dir='ltr'><strong><em>Ilsassiscbe</em></strong></span> <span class='ocrx_word' id='word_1_296' title='bbox 1346 3366 1417 3430; x_wconf 90' lang='lat' dir='ltr'><strong><em>und</em></strong></span> <span class='ocrx_word' id='word_1_297' title='bbox 1439 3365 1723 3452; x_wconf 75' lang='lat' dir='ltr'><strong><em>Strassburpische</em></strong></span> <span class='ocrx_word' id='word_1_298' title='bbox 1746 3365 1907 3432; x_wconf 83' lang='lat' dir='ltr'><strong><em>Chronike</em></strong></span> <span class='ocrx_word' id='word_1_299' title='bbox 1936 3391 1999 3434; x_wconf 87' lang='lat' dir='ltr'><strong><em>con</em></strong></span> <span class='ocrx_word' id='word_1_300' title='bbox 2020 3370 2123 3437; x_wconf 84' lang='lat' dir='ltr'><strong><em>Jacob</em></strong></span> 
     </span>
     <span class='ocr_line' id='line_1_29' title="bbox 462 3467 2124 3560; baseline -0.003 -20"><span class='ocrx_word' id='word_1_301' title='bbox 462 3496 526 3540; x_wconf 86' lang='lat' dir='ltr'><strong><em>uon</em></strong></span> <span class='ocrx_word' id='word_1_302' title='bbox 540 3472 782 3560; x_wconf 77' lang='lat' dir='ltr'><strong><em>Ko&#39;nipsheren&#39;</em></strong></span> <span class='ocrx_word' id='word_1_303' title='bbox 804 3469 923 3555; x_wconf 84' lang='lat'>(1698)</span> <span class='ocrx_word' id='word_1_304' title='bbox 942 3491 977 3554; x_wconf 91' lang='lat' dir='ltr'><strong><em>p.</em></strong></span> <span class='ocrx_word' id='word_1_305' title='bbox 993 3468 1170 3533; x_wconf 75' lang='lat'><strong><em>622-699.</em></strong></span> <span class='ocrx_word' id='word_1_306' title='bbox 1214 3467 1354 3534; x_wconf 80' lang='lat' dir='ltr'><strong><em>Schilter</em></strong></span> <span class='ocrx_word' id='word_1_307' title='bbox 1375 3469 1483 3534; x_wconf 88' lang='lat' dir='ltr'><strong><em>codice</em></strong></span> <span class='ocrx_word' id='word_1_308' title='bbox 1505 3469 1537 3532; x_wconf 90' lang='grc' dir='ltr'><em>Β</em></span> <span class='ocrx_word' id='word_1_309' title='bbox 1551 3469 1594 3533; x_wconf 89' lang='grc'><strong><em>30</em></strong></span> <span class='ocrx_word' id='word_1_310' title='bbox 1613 3493 1691 3534; x_wconf 90' lang='lat' dir='ltr'><strong><em>usus</em></strong></span> <span class='ocrx_word' id='word_1_311' title='bbox 1712 3472 1816 3536; x_wconf 90' lang='lat' dir='ltr'><strong><em>titulis</em></strong></span> <span class='ocrx_word' id='word_1_312' title='bbox 1837 3470 1879 3537; x_wconf 89' lang='lat'><strong><em>99</em></strong></span> <span class='ocrx_word' id='word_1_313' title='bbox 1901 3481 2021 3538; x_wconf 77' lang='lat' dir='ltr'><strong><em>tentum</em></strong></span> <span class='ocrx_word' id='word_1_314' title='bbox 2043 3496 2124 3539; x_wconf 82' lang='lat' dir='ltr'><strong><em>corn-</em></strong></span> 
     </span>
    </p>

    <p class='ocr_par' dir='ltr' id='par_1_8' title="bbox 487 3576 644 3642">
     <span class='ocr_line' id='line_1_30' title="bbox 487 3576 644 3642; baseline -0.006 -1"><span class='ocrx_word' id='word_1_315' title='bbox 487 3576 644 3642; x_wconf 83' lang='lat' dir='ltr'><strong><em>rehendit.</em></strong></span> 
     </span>
    </p>

    <p class='ocr_par' dir='ltr' id='par_1_9' title="bbox 409 3602 2172 5420">
     <span class='ocr_line' id='line_1_31' title="bbox 458 3602 2171 3764; baseline -0.001 -19"><span class='ocrx_word' id='word_1_316' title='bbox 458 3602 484 3664; x_wconf 67' lang='lat' dir='ltr'><em>p</em></span> <span class='ocrx_word' id='word_1_317' title='bbox 569 3680 598 3745; x_wconf 91' lang='lat'><strong><em>8.</em></strong></span> <span class='ocrx_word' id='word_1_318' title='bbox 631 3679 802 3745; x_wconf 74' lang='lat' dir='ltr'><strong><em>lohannes</em></strong></span> <span class='ocrx_word' id='word_1_319' title='bbox 825 3677 988 3757; x_wconf 83' lang='lat' dir='ltr'><strong><em>Merkel,</em></strong></span> <span class='ocrx_word' id='word_1_320' title='bbox 1010 3659 1056 3740; x_wconf 50' lang='lat' dir='ltr'><strong><em>in&#39;</em></strong></span> <span class='ocrx_word' id='word_1_321' title='bbox 1071 3678 1257 3760; x_wconf 87' lang='lat' dir='ltr'><strong><em>antiquiore</em></strong></span> <span class='ocrx_word' id='word_1_322' title='bbox 1279 3676 1378 3740; x_wconf 89' lang='lat' dir='ltr'><strong><em>huius</em></strong></span> <span class='ocrx_word' id='word_1_323' title='bbox 1400 3675 1508 3760; x_wconf 87' lang='lat' dir='ltr'><strong><em>operis</em></strong></span> <span class='ocrx_word' id='word_1_324' title='bbox 1530 3678 1611 3740; x_wconf 84' lang='lat' dir='ltr'><strong><em>serie</em></strong></span> <span class='ocrx_word' id='word_1_325' title='bbox 1632 3676 1697 3742; x_wconf 86' lang='lat' dir='ltr'><strong><em>LL.</em></strong></span> <span class='ocrx_word' id='word_1_326' title='bbox 1713 3675 1773 3740; x_wconf 93' lang='grc' dir='ltr'><strong><em>ΙΙΙ</em></strong></span> <span class='ocrx_word' id='word_1_327' title='bbox 1790 3677 1920 3762; x_wconf 84' lang='lat'><strong><em>(1863),</em></strong></span> <span class='ocrx_word' id='word_1_328' title='bbox 1937 3702 1974 3764; x_wconf 92' lang='lat' dir='ltr'><strong><em>p.</em></strong></span> <span class='ocrx_word' id='word_1_329' title='bbox 1992 3681 2124 3749; x_wconf 79' lang='lat'><strong><em>1-182.</em></strong></span> <span class='ocrx_word' id='word_1_330' title='bbox 2143 3705 2171 3744; x_wconf 85' lang='lat' dir='ltr'><strong><em>so</em></strong></span> 
     </span>
     <span class='ocr_line' id='line_1_32' title="bbox 464 3778 2124 3868; baseline 0.001 -20"><span class='ocrx_word' id='word_1_331' title='bbox 464 3785 695 3868; x_wconf 84' lang='lat' dir='ltr'><strong><em>(Recensionis</em></strong></span> <span class='ocrx_word' id='word_1_332' title='bbox 724 3805 818 3866; x_wconf 89' lang='lat' dir='ltr'><strong><em>opere</em></strong></span> <span class='ocrx_word' id='word_1_333' title='bbox 846 3782 914 3844; x_wconf 88' lang='lat' dir='ltr'><strong><em>iam</em></strong></span> <span class='ocrx_word' id='word_1_334' title='bbox 945 3803 976 3843; x_wconf 92' lang='lat' dir='ltr'><strong><em>a.</em></strong></span> <span class='ocrx_word' id='word_1_335' title='bbox 994 3778 1084 3845; x_wconf 84' lang='lat'>1849.</span> <span class='ocrx_word' id='word_1_336' title='bbox 1113 3780 1271 3862; x_wconf 87' lang='lat' dir='ltr'><strong><em>absoluto,</em></strong></span> <span class='ocrx_word' id='word_1_337' title='bbox 1295 3782 1426 3864; x_wconf 87' lang='lat' dir='ltr'><strong><em>primus</em></strong></span> <span class='ocrx_word' id='word_1_338' title='bbox 1455 3783 1532 3844; x_wconf 92' lang='lat' dir='ltr'><strong><em>tomi</em></strong></span> <span class='ocrx_word' id='word_1_339' title='bbox 1554 3779 1617 3844; x_wconf 89' lang='grc' dir='ltr'><strong><em>ΙΙΙ.</em></strong></span> <span class='ocrx_word' id='word_1_340' title='bbox 1637 3778 1828 3866; x_wconf 84' lang='lat' dir='ltr'><strong><em>fasciculus</em></strong></span> <span class='ocrx_word' id='word_1_341' title='bbox 1854 3783 1940 3868; x_wconf 77' lang='lat' dir='ltr'><strong><em>lepos</em></strong></span> <span class='ocrx_word' id='word_1_342' title='bbox 1964 3783 2124 3850; x_wconf 88' lang='lat' dir='ltr'><strong><em>Alaman-</em></strong></span> 
     </span>
     <span class='ocr_line' id='line_1_33' title="bbox 464 3883 2125 3974; baseline 0.001 -22"><span class='ocrx_word' id='word_1_343' title='bbox 464 3911 579 3952; x_wconf 88' lang='lat' dir='ltr'><strong><em>norum</em></strong></span> <span class='ocrx_word' id='word_1_344' title='bbox 602 3888 771 3950; x_wconf 88' lang='lat' dir='ltr'><strong><em>continens</em></strong></span> <span class='ocrx_word' id='word_1_345' title='bbox 794 3907 824 3948; x_wconf 91' lang='lat' dir='ltr'><strong><em>a.</em></strong></span> <span class='ocrx_word' id='word_1_346' title='bbox 843 3884 934 3947; x_wconf 85' lang='grc'><strong>1851.</strong></span> <span class='ocrx_word' id='word_1_347' title='bbox 956 3885 1062 3948; x_wconf 87' lang='lat' dir='ltr'><strong><em>editus</em></strong></span> <span class='ocrx_word' id='word_1_348' title='bbox 1084 3887 1156 3964; x_wconf 90' lang='lat' dir='ltr'><strong><em>est).</em></strong></span> <span class='ocrx_word' id='word_1_349' title='bbox 1199 3883 1231 3949; x_wconf 90' lang='lat' dir='ltr'><strong><em>J.</em></strong></span> <span class='ocrx_word' id='word_1_350' title='bbox 1247 3883 1369 3948; x_wconf 87' lang='lat' dir='ltr'><strong><em>Merlcol</em></strong></span> <span class='ocrx_word' id='word_1_351' title='bbox 1390 3905 1497 3947; x_wconf 86' lang='lat' dir='ltr'><strong><em>omnes</em></strong></span> <span class='ocrx_word' id='word_1_352' title='bbox 1519 3884 1672 3949; x_wconf 88' lang='lat' dir='ltr'><strong><em>editionis</em></strong></span> <span class='ocrx_word' id='word_1_353' title='bbox 1695 3895 1825 3950; x_wconf 90' lang='lat' dir='ltr'><strong><em>nostrae</em></strong></span> <span class='ocrx_word' id='word_1_354' title='bbox 1841 3887 1969 3952; x_wconf 88' lang='lat' dir='ltr'><strong><em>codices</em></strong></span> <span class='ocrx_word' id='word_1_355' title='bbox 1983 3891 2125 3974; x_wconf 75' lang='lat' dir='ltr'><strong><em>susceptis</em></strong></span> 
     </span>
     <span class='ocr_line' id='line_1_34' title="bbox 464 3987 2127 4078; baseline 0.001 -23"><span class='ocrx_word' id='word_1_356' title='bbox 464 3999 606 4078; x_wconf 85' lang='lat' dir='ltr'><strong><em>quatuor</em></strong></span> <span class='ocrx_word' id='word_1_357' title='bbox 628 3989 678 4072; x_wconf 89' lang='grc' dir='ltr'><strong><em>(Β</em></strong></span> <span class='ocrx_word' id='word_1_358' title='bbox 695 3992 749 4055; x_wconf 84' lang='grc' dir='ltr'><strong><em>Ια.</em></strong></span> <span class='ocrx_word' id='word_1_359' title='bbox 769 3989 821 4052; x_wconf 88' lang='grc'><strong><em>15.</em></strong></span> <span class='ocrx_word' id='word_1_360' title='bbox 842 3988 892 4052; x_wconf 77' lang='lat'><strong><em>37.</em></strong></span> <span class='ocrx_word' id='word_1_361' title='bbox 913 3987 972 4067; x_wconf 84' lang='lat'><strong><em>38)</em></strong></span> <span class='ocrx_word' id='word_1_362' title='bbox 996 3987 1155 4051; x_wconf 87' lang='lat' dir='ltr'><strong><em>adhibuit.</em></strong></span> <span class='ocrx_word' id='word_1_363' title='bbox 1199 3987 1240 4051; x_wconf 89' lang='lat' dir='ltr'><strong><em>In</em></strong></span> <span class='ocrx_word' id='word_1_364' title='bbox 1262 3995 1350 4052; x_wconf 83' lang='lat' dir='ltr'><strong><em>textu</em></strong></span> <span class='ocrx_word' id='word_1_365' title='bbox 1373 3987 1526 4052; x_wconf 77' lang='lat' dir='ltr'><strong><em>distinnit</em></strong></span> <span class='ocrx_word' id='word_1_366' title='bbox 1547 3989 1634 4051; x_wconf 90' lang='lat' dir='ltr'><strong><em>inter</em></strong></span> <span class='ocrx_word' id='word_1_367' title='bbox 1654 3987 1790 4052; x_wconf 90' lang='lat' dir='ltr'><strong><em>Pactum</em></strong></span> <span class='ocrx_word' id='word_1_368' title='bbox 1812 3997 1840 4052; x_wconf 88' lang='lat' dir='ltr'><strong><em>et</em></strong></span> <span class='ocrx_word' id='word_1_369' title='bbox 1862 3988 1986 4075; x_wconf 78' lang='lat' dir='ltr'><strong><em>Lepem.</em></strong></span> <span class='ocrx_word' id='word_1_370' title='bbox 2030 3990 2127 4056; x_wconf 86' lang='lat' dir='ltr'><strong><em>Paeti</em></strong></span> 
     </span>
     <span class='ocr_line' id='line_1_35' title="bbox 463 4089 2122 4179; baseline 0 -21"><span class='ocrx_word' id='word_1_371' title='bbox 463 4097 531 4158; x_wconf 89' lang='lat' dir='ltr'><strong><em>tric</em></strong></span> <span class='ocrx_word' id='word_1_372' title='bbox 546 4101 599 4175; x_wconf 90' lang='lat' dir='ltr'><strong><em>(re</em></strong></span> <span class='ocrx_word' id='word_1_373' title='bbox 610 4113 687 4157; x_wconf 87' lang='lat' dir='ltr'><strong><em>uera</em></strong></span> <span class='ocrx_word' id='word_1_374' title='bbox 700 4095 859 4176; x_wconf 81' lang='lat' dir='ltr'><strong><em>quatuor)</em></strong></span> <span class='ocrx_word' id='word_1_375' title='bbox 866 4090 1061 4176; x_wconf 78' lang='lat' dir='ltr'><strong><em>frapmcnta</em></strong></span> <span class='ocrx_word' id='word_1_376' title='bbox 1076 4113 1116 4154; x_wconf 83' lang='lat' dir='ltr'><strong><em>en</em></strong></span> <span class='ocrx_word' id='word_1_377' title='bbox 1130 4091 1238 4155; x_wconf 87' lang='lat' dir='ltr'><strong><em>codice</em></strong></span> <span class='ocrx_word' id='word_1_378' title='bbox 1252 4090 1283 4154; x_wconf 90' lang='lat' dir='ltr'><strong><em>A</em></strong></span> <span class='ocrx_word' id='word_1_379' title='bbox 1296 4089 1335 4153; x_wconf 81' lang='lat'><strong><em>12</em></strong></span> <span class='ocrx_word' id='word_1_380' title='bbox 1349 4100 1576 4175; x_wconf 84' lang='lat' dir='ltr'><strong><em>transsumpta</em></strong></span> <span class='ocrx_word' id='word_1_381' title='bbox 1591 4115 1612 4155; x_wconf 93' lang='lat' dir='ltr'><strong><em>a</em></strong></span> <span class='ocrx_word' id='word_1_382' title='bbox 1626 4091 1709 4177; x_wconf 76' lang='lat' dir='ltr'><strong><em>Lepe</em></strong></span> <span class='ocrx_word' id='word_1_383' title='bbox 1723 4095 1891 4175; x_wconf 83' lang='lat' dir='ltr'><strong><em>separavit</em></strong></span> <span class='ocrx_word' id='word_1_384' title='bbox 1906 4099 1957 4179; x_wconf 89' lang='lat' dir='ltr'><strong><em>(p.</em></strong></span> <span class='ocrx_word' id='word_1_385' title='bbox 1969 4090 2122 4174; x_wconf 82' lang='lat'><strong><em>34-40).</em></strong></span> 
     </span>
     <span class='ocr_line' id='line_1_36' title="bbox 462 4191 2172 4284; baseline -0.001 -21"><span class='ocrx_word' id='word_1_386' title='bbox 462 4199 559 4284; x_wconf 77' lang='lat' dir='ltr'><strong><em>Lepis</em></strong></span> <span class='ocrx_word' id='word_1_387' title='bbox 574 4206 637 4261; x_wconf 88' lang='lat' dir='ltr'><strong><em>tres</em></strong></span> <span class='ocrx_word' id='word_1_388' title='bbox 651 4196 853 4261; x_wconf 81' lang='lat' dir='ltr'><strong><em>reductiones</em></strong></span> <span class='ocrx_word' id='word_1_389' title='bbox 869 4195 1030 4276; x_wconf 76' lang='lat' dir='ltr'><strong><em>distincit,</em></strong></span> <span class='ocrx_word' id='word_1_390' title='bbox 1048 4193 1161 4278; x_wconf 80' lang='lat' dir='ltr'><strong><em>Lepem</em></strong></span> <span class='ocrx_word' id='word_1_391' title='bbox 1172 4191 1354 4275; x_wconf 84' lang='lat' dir='ltr'><strong><em>Hlotharii,</em></strong></span> <span class='ocrx_word' id='word_1_392' title='bbox 1369 4193 1484 4281; x_wconf 76' lang='lat' dir='ltr'><strong><em>Lepem</em></strong></span> <span class='ocrx_word' id='word_1_393' title='bbox 1500 4194 1771 4280; x_wconf 79' lang='lat' dir='ltr'><strong><em>Lantfridonam,</em></strong></span> <span class='ocrx_word' id='word_1_394' title='bbox 1786 4194 1901 4282; x_wconf 75' lang='lat' dir='ltr'><strong><em>lepem</em></strong></span> <span class='ocrx_word' id='word_1_395' title='bbox 1916 4197 2124 4264; x_wconf 88' lang='lat' dir='ltr'><strong><em>Karalinam.</em></strong></span> <span class='ocrx_word' id='word_1_396' title='bbox 2143 4220 2172 4262; x_wconf 81' lang='lat' dir='ltr'><strong><em>ss</em></strong></span> 
     </span>
     <span class='ocr_line' id='line_1_37' title="bbox 463 4296 2124 4389; baseline -0.001 -23"><span class='ocrx_word' id='word_1_397' title='bbox 463 4301 578 4389; x_wconf 74' lang='lat' dir='ltr'><strong><em>lepem</em></strong></span> <span class='ocrx_word' id='word_1_398' title='bbox 591 4299 765 4363; x_wconf 87' lang='lat' dir='ltr'><strong><em>Hlotharii</em></strong></span> <span class='ocrx_word' id='word_1_399' title='bbox 776 4299 960 4362; x_wconf 73' lang='lat' dir='ltr'><strong><em>construxit</em></strong></span> <span class='ocrx_word' id='word_1_400' title='bbox 970 4319 1011 4359; x_wconf 81' lang='lat' dir='ltr'><strong><em>en</em></strong></span> <span class='ocrx_word' id='word_1_401' title='bbox 1022 4297 1114 4362; x_wconf 91' lang='lat' dir='ltr'><strong><em>codd.</em></strong></span> <span class='ocrx_word' id='word_1_402' title='bbox 1128 4296 1338 4380; x_wconf 79' lang='lat' dir='ltr'><strong><em>A8-10.12,</em></strong></span> <span class='ocrx_word' id='word_1_403' title='bbox 1354 4296 1468 4384; x_wconf 80' lang='lat' dir='ltr'><strong><em>Lepem</em></strong></span> <span class='ocrx_word' id='word_1_404' title='bbox 1481 4296 1741 4381; x_wconf 84' lang='lat' dir='ltr'><strong><em>Lantsridanam</em></strong></span> <span class='ocrx_word' id='word_1_405' title='bbox 1757 4320 1796 4362; x_wconf 82' lang='lat' dir='ltr'><strong><em>en</em></strong></span> <span class='ocrx_word' id='word_1_406' title='bbox 1811 4299 1904 4364; x_wconf 91' lang='lat' dir='ltr'><strong><em>codd.</em></strong></span> <span class='ocrx_word' id='word_1_407' title='bbox 1917 4301 1946 4362; x_wconf 99' lang='lat' dir='ltr'><strong><em>A</em></strong></span> <span class='ocrx_word' id='word_1_408' title='bbox 1959 4299 2124 4386; x_wconf 80' lang='lat'><strong><em>1-7.11¹,</em></strong></span> 
     </span>
     <span class='ocr_line' id='line_1_38' title="bbox 463 4401 2122 4491; baseline 0.001 -23"><span class='ocrx_word' id='word_1_409' title='bbox 463 4407 579 4491; x_wconf 78' lang='lat' dir='ltr'><strong><em>Lepem</em></strong></span> <span class='ocrx_word' id='word_1_410' title='bbox 594 4404 790 4468; x_wconf 85' lang='lat' dir='ltr'><strong><em>Karai-inam</em></strong></span> <span class='ocrx_word' id='word_1_411' title='bbox 814 4424 853 4465; x_wconf 83' lang='lat' dir='ltr'><strong><em>en</em></strong></span> <span class='ocrx_word' id='word_1_412' title='bbox 869 4402 1016 4466; x_wconf 86' lang='lat' dir='ltr'><strong><em>omnibus</em></strong></span> <span class='ocrx_word' id='word_1_413' title='bbox 1038 4401 1173 4485; x_wconf 86' lang='lat' dir='ltr'><strong><em>reliquis</em></strong></span> <span class='ocrx_word' id='word_1_414' title='bbox 1194 4401 1370 4484; x_wconf 85' lang='lat' dir='ltr'><strong><em>codicibus,</em></strong></span> <span class='ocrx_word' id='word_1_415' title='bbox 1393 4424 1472 4486; x_wconf 81' lang='lat' dir='ltr'><strong><em>quos</em></strong></span> <span class='ocrx_word' id='word_1_416' title='bbox 1496 4410 1569 4465; x_wconf 87' lang='lat' dir='ltr'><strong><em>ante</em></strong></span> <span class='ocrx_word' id='word_1_417' title='bbox 1592 4402 1701 4466; x_wconf 88' lang='lat' dir='ltr'><strong><em>oculos</em></strong></span> <span class='ocrx_word' id='word_1_418' title='bbox 1723 4402 1866 4466; x_wconf 79' lang='lat' dir='ltr'><strong><em>habuit1.</em></strong></span> <span class='ocrx_word' id='word_1_419' title='bbox 1910 4403 2024 4490; x_wconf 75' lang='lat' dir='ltr'><strong><em>Lepem</em></strong></span> <span class='ocrx_word' id='word_1_420' title='bbox 2040 4405 2122 4470; x_wconf 85' lang='lat' dir='ltr'><strong><em>Hio-</em></strong></span> 
     </span>
     <span class='ocr_line' id='line_1_39' title="bbox 463 4503 2126 4594; baseline -0.001 -22"><span class='ocrx_word' id='word_1_421' title='bbox 463 4509 566 4572; x_wconf 88' lang='lat' dir='ltr'><strong><em>tharii</em></strong></span> <span class='ocrx_word' id='word_1_422' title='bbox 589 4509 722 4594; x_wconf 76' lang='lat' dir='ltr'><strong><em>dipessit</em></strong></span> <span class='ocrx_word' id='word_1_423' title='bbox 744 4509 780 4570; x_wconf 91' lang='lat' dir='ltr'><strong><em>in</em></strong></span> <span class='ocrx_word' id='word_1_424' title='bbox 803 4514 866 4570; x_wconf 90' lang='lat' dir='ltr'><strong><em>tres</em></strong></span> <span class='ocrx_word' id='word_1_425' title='bbox 887 4503 996 4588; x_wconf 89' lang='lat' dir='ltr'><strong><em>libros,</em></strong></span> <span class='ocrx_word' id='word_1_426' title='bbox 1025 4506 1167 4590; x_wconf 88' lang='lat' dir='ltr'><strong><em>primum</em></strong></span> <span class='ocrx_word' id='word_1_427' title='bbox 1193 4511 1210 4584; x_wconf 93' lang='lat'><em>(</em></span> <span class='ocrx_word' id='word_1_428' title='bbox 1211 4505 1258 4568; x_wconf 88' lang='lat' dir='ltr'><strong><em>tit.</em></strong></span> <span class='ocrx_word' id='word_1_429' title='bbox 1281 4505 1430 4568; x_wconf 84' lang='lat' dir='ltr'><strong><em>I-LXX</em></strong></span> <span class='ocrx_word' id='word_1_430' title='bbox 1436 4505 1486 4587; x_wconf 90' lang='lat' dir='ltr'><strong><em>V),</em></strong></span> <span class='ocrx_word' id='word_1_431' title='bbox 1515 4505 1691 4568; x_wconf 85' lang='lat' dir='ltr'><strong><em>secundam</em></strong></span> <span class='ocrx_word' id='word_1_432' title='bbox 1714 4507 1779 4588; x_wconf 90' lang='lat' dir='ltr'><strong><em>(tit.</em></strong></span> <span class='ocrx_word' id='word_1_433' title='bbox 1802 4506 1892 4569; x_wconf 88' lang='lat' dir='ltr'><strong><em>LXX</em></strong></span> <span class='ocrx_word' id='word_1_434' title='bbox 1896 4506 2102 4574; x_wconf 86' lang='lat' dir='ltr'><strong><em>VI-XCVII</em></strong></span> <span class='ocrx_word' id='word_1_435' title='bbox 2098 4513 2126 4590; x_wconf 91' lang='lat'><strong><em>),</em></strong></span> 
     </span>
     <span class='ocr_line' id='line_1_40' title="bbox 465 4607 2125 4691; baseline -0.001 -15"><span class='ocrx_word' id='word_1_436' title='bbox 465 4612 700 4676; x_wconf 82' lang='lat' dir='ltr'><strong><em>Additamento</em></strong></span> <span class='ocrx_word' id='word_1_437' title='bbox 715 4611 782 4675; x_wconf 87' lang='lat' dir='ltr'><strong><em>sire</em></strong></span> <span class='ocrx_word' id='word_1_438' title='bbox 796 4610 914 4674; x_wconf 87' lang='lat' dir='ltr'><strong><em>librum</em></strong></span> <span class='ocrx_word' id='word_1_439' title='bbox 930 4610 1056 4672; x_wconf 88' lang='lat' dir='ltr'><strong><em>tertium</em></strong></span> <span class='ocrx_word' id='word_1_440' title='bbox 1074 4609 1139 4691; x_wconf 90' lang='lat' dir='ltr'><strong><em>(tit.</em></strong></span> <span class='ocrx_word' id='word_1_441' title='bbox 1154 4607 1386 4674; x_wconf 82' lang='lat' dir='ltr'><strong><em>XCVIII-CI</em></strong></span> <span class='ocrx_word' id='word_1_442' title='bbox 1396 4608 1444 4688; x_wconf 91' lang='lat' dir='ltr'><strong><em>V),</em></strong></span> <span class='ocrx_word' id='word_1_443' title='bbox 1466 4609 1515 4671; x_wconf 93' lang='lat' dir='ltr'><strong><em>ita</em></strong></span> <span class='ocrx_word' id='word_1_444' title='bbox 1537 4617 1572 4671; x_wconf 89' lang='lat' dir='ltr'><strong><em>ut</em></strong></span> <span class='ocrx_word' id='word_1_445' title='bbox 1587 4616 1653 4671; x_wconf 90' lang='lat' dir='ltr'><strong><em>tota</em></strong></span> <span class='ocrx_word' id='word_1_446' title='bbox 1669 4608 1736 4672; x_wconf 78' lang='lat' dir='ltr'><strong><em>Len</em></strong></span> <span class='ocrx_word' id='word_1_447' title='bbox 1752 4610 1925 4674; x_wconf 87' lang='lat' dir='ltr'><strong><em>Hlotharii</em></strong></span> <span class='ocrx_word' id='word_1_448' title='bbox 1942 4611 2125 4676; x_wconf 72' lang='lat' dir='ltr'><strong><em>locandos</em></strong></span> 
     </span>
     <span class='ocr_line' id='line_1_41' title="bbox 464 4710 2172 4800; baseline -0.001 -20"><span class='ocrx_word' id='word_1_449' title='bbox 464 4717 730 4800; x_wconf 84' lang='lat' dir='ltr'><strong><em>complecteretur.</em></strong></span> <span class='ocrx_word' id='word_1_450' title='bbox 774 4713 815 4777; x_wconf 90' lang='lat' dir='ltr'><strong><em>In</em></strong></span> <span class='ocrx_word' id='word_1_451' title='bbox 838 4713 921 4798; x_wconf 78' lang='lat' dir='ltr'><strong><em>Lepe</em></strong></span> <span class='ocrx_word' id='word_1_452' title='bbox 944 4712 1173 4796; x_wconf 78' lang='lat' dir='ltr'><strong><em>Lantfridanc</em></strong></span> <span class='ocrx_word' id='word_1_453' title='bbox 1194 4710 1245 4793; x_wconf 85' lang='lat'><strong><em>98,</em></strong></span> <span class='ocrx_word' id='word_1_454' title='bbox 1267 4714 1304 4775; x_wconf 93' lang='lat' dir='ltr'><strong><em>in</em></strong></span> <span class='ocrx_word' id='word_1_455' title='bbox 1327 4711 1492 4777; x_wconf 89' lang='lat' dir='ltr'><strong><em>Karalina</em></strong></span> <span class='ocrx_word' id='word_1_456' title='bbox 1515 4711 1557 4776; x_wconf 89' lang='grc'><strong><em>99</em></strong></span> <span class='ocrx_word' id='word_1_457' title='bbox 1577 4713 1688 4776; x_wconf 80' lang='lat' dir='ltr'><strong><em>titrdos</em></strong></span> <span class='ocrx_word' id='word_1_458' title='bbox 1710 4713 1873 4778; x_wconf 70' lang='lat' dir='ltr'><strong><em>cristianis.</em></strong></span> <span class='ocrx_word' id='word_1_459' title='bbox 1917 4713 1980 4778; x_wconf 77' lang='lat' dir='ltr'><strong><em>Pro</em></strong></span> <span class='ocrx_word' id='word_1_460' title='bbox 1992 4713 2125 4799; x_wconf 86' lang='lat' dir='ltr'><strong><em>funda·</em></strong></span> <span class='ocrx_word' id='word_1_461' title='bbox 2143 4739 2172 4779; x_wconf 83' lang='lat' dir='ltr'><strong><em>m</em></strong></span> 
     </span>
     <span class='ocr_line' id='line_1_42' title="bbox 464 4814 2125 4902; baseline 0.001 -20"><span class='ocrx_word' id='word_1_462' title='bbox 464 4827 568 4883; x_wconf 90' lang='lat' dir='ltr'><strong><em>mento</em></strong></span> <span class='ocrx_word' id='word_1_463' title='bbox 591 4817 704 4881; x_wconf 88' lang='lat' dir='ltr'><strong><em>habuit</em></strong></span> <span class='ocrx_word' id='word_1_464' title='bbox 726 4817 822 4902; x_wconf 73' lang='lat' dir='ltr'><strong><em>Lepis</em></strong></span> <span class='ocrx_word' id='word_1_465' title='bbox 839 4815 1012 4881; x_wconf 86' lang='lat' dir='ltr'><strong><em>Hlotharii</em></strong></span> <span class='ocrx_word' id='word_1_466' title='bbox 1033 4814 1171 4879; x_wconf 89' lang='lat' dir='ltr'><strong><em>codicem</em></strong></span> <span class='ocrx_word' id='word_1_467' title='bbox 1196 4816 1227 4879; x_wconf 88' lang='lat' dir='ltr'><em>A</em></span> <span class='ocrx_word' id='word_1_468' title='bbox 1241 4815 1271 4898; x_wconf 88' lang='lat'><strong><em>8,</em></strong></span> <span class='ocrx_word' id='word_1_469' title='bbox 1296 4815 1391 4900; x_wconf 78' lang='lat' dir='ltr'><strong><em>Lepis</em></strong></span> <span class='ocrx_word' id='word_1_470' title='bbox 1414 4815 1660 4900; x_wconf 85' lang='lat' dir='ltr'><strong><em>Lantfridanae</em></strong></span> <span class='ocrx_word' id='word_1_471' title='bbox 1682 4816 1822 4880; x_wconf 88' lang='lat' dir='ltr'><strong><em>codicem</em></strong></span> <span class='ocrx_word' id='word_1_472' title='bbox 1844 4816 1875 4882; x_wconf 90' lang='lat' dir='ltr'><strong><em>A</em></strong></span> <span class='ocrx_word' id='word_1_473' title='bbox 1894 4819 1920 4901; x_wconf 92' lang='lat' dir='ltr'><strong><em>l,</em></strong></span> <span class='ocrx_word' id='word_1_474' title='bbox 1943 4817 2125 4883; x_wconf 83' lang='lat' dir='ltr'><strong><em>Karalinae</em></strong></span> 
     </span>
     <span class='ocr_line' id='line_1_43' title="bbox 464 4917 2166 5006; baseline 0 -20"><span class='ocrx_word' id='word_1_475' title='bbox 464 4923 558 4987; x_wconf 89' lang='lat' dir='ltr'><strong><em>modo</em></strong></span> <span class='ocrx_word' id='word_1_476' title='bbox 584 4921 671 4985; x_wconf 89' lang='lat' dir='ltr'><strong><em>hunc</em></strong></span> <span class='ocrx_word' id='word_1_477' title='bbox 691 4921 785 4984; x_wconf 91' lang='lat' dir='ltr'><strong><em>modo</em></strong></span> <span class='ocrx_word' id='word_1_478' title='bbox 806 4919 898 4984; x_wconf 88' lang='lat' dir='ltr'><strong><em>illum</em></strong></span> <span class='ocrx_word' id='word_1_479' title='bbox 920 4920 1070 4984; x_wconf 89' lang='lat' dir='ltr'><strong><em>codicem.</em></strong></span> <span class='ocrx_word' id='word_1_480' title='bbox 1115 4917 1268 5005; x_wconf 62' lang='lat' dir='ltr'><strong><em>Singulis</em></strong></span> <span class='ocrx_word' id='word_1_481' title='bbox 1290 4919 1462 4983; x_wconf 84' lang='lat' dir='ltr'><strong><em>codicibus</em></strong></span> <span class='ocrx_word' id='word_1_482' title='bbox 1477 4921 1721 4984; x_wconf 85' lang='lat' dir='ltr'><strong><em>accuratissime</em></strong></span> <span class='ocrx_word' id='word_1_483' title='bbox 1741 4923 1925 5006; x_wconf 73' lang='lat' dir='ltr'><strong><em>recoquitis,</em></strong></span> <span class='ocrx_word' id='word_1_484' title='bbox 1947 4922 1979 4988; x_wconf 86' lang='lat' dir='ltr'><strong><em>J.</em></strong></span> <span class='ocrx_word' id='word_1_485' title='bbox 2003 4922 2125 4986; x_wconf 84' lang='lat' dir='ltr'><strong><em>Merkel</em></strong></span> <span class='ocrx_word' id='word_1_486' title='bbox 2163 4953 2166 4958; x_wconf 95' lang='lat'>·</span> 
     </span>
     <span class='ocr_line' id='line_1_44' title="bbox 409 5022 2121 5108; baseline -0.001 -18"><span class='ocrx_word' id='word_1_487' title='bbox 409 5047 411 5051; x_wconf 86' lang='grc'><strong><em>·</em></strong></span> <span class='ocrx_word' id='word_1_488' title='bbox 465 5029 580 5090; x_wconf 87' lang='lat' dir='ltr'><strong><em>varias</em></strong></span> <span class='ocrx_word' id='word_1_489' title='bbox 601 5026 751 5091; x_wconf 86' lang='lat' dir='ltr'><strong><em>lectiones</em></strong></span> <span class='ocrx_word' id='word_1_490' title='bbox 772 5024 944 5088; x_wconf 87' lang='lat' dir='ltr'><strong><em>minutiose</em></strong></span> <span class='ocrx_word' id='word_1_491' title='bbox 966 5025 1102 5106; x_wconf 83' lang='lat' dir='ltr'><strong><em>notavit,</em></strong></span> <span class='ocrx_word' id='word_1_492' title='bbox 1131 5033 1160 5085; x_wconf 88' lang='lat' dir='ltr'><strong><em>ct</em></strong></span> <span class='ocrx_word' id='word_1_493' title='bbox 1186 5024 1270 5108; x_wconf 76' lang='lat' dir='ltr'><strong><em>lepes</em></strong></span> <span class='ocrx_word' id='word_1_494' title='bbox 1292 5022 1504 5108; x_wconf 85' lang='lat' dir='ltr'><strong><em>praefatione</em></strong></span> <span class='ocrx_word' id='word_1_495' title='bbox 1526 5032 1554 5086; x_wconf 87' lang='lat' dir='ltr'><strong><em>et</em></strong></span> <span class='ocrx_word' id='word_1_496' title='bbox 1575 5027 1815 5090; x_wconf 80' lang='lat' dir='ltr'><strong><em>conrrnentariis</em></strong></span> <span class='ocrx_word' id='word_1_497' title='bbox 1837 5024 2002 5090; x_wconf 86' lang='lat' dir='ltr'><strong><em>illustrare</em></strong></span> <span class='ocrx_word' id='word_1_498' title='bbox 2025 5028 2121 5090; x_wconf 87' lang='lat' dir='ltr'><strong><em>inter-</em></strong></span> 
     </span>
     <span class='ocr_line' id='line_1_45' title="bbox 461 5127 1094 5216; baseline -0.006 -22"><span class='ocrx_word' id='word_1_499' title='bbox 461 5133 654 5216; x_wconf 77' lang='lat' dir='ltr'><strong><em>pretarique</em></strong></span> <span class='ocrx_word' id='word_1_500' title='bbox 677 5151 775 5215; x_wconf 80' lang='lat' dir='ltr'><strong><em>qnam</em></strong></span> <span class='ocrx_word' id='word_1_501' title='bbox 796 5129 937 5192; x_wconf 78' lang='lat' dir='ltr'><strong><em>manime</em></strong></span> <span class='ocrx_word' id='word_1_502' title='bbox 959 5127 1094 5192; x_wconf 87' lang='lat' dir='ltr'><strong><em>studuit.</em></strong></span> 
     </span>
     <span class='ocr_line' id='line_1_46' title="bbox 465 5229 2172 5320; baseline -0.001 -22"><span class='ocrx_word' id='word_1_503' title='bbox 465 5256 471 5269; x_wconf 92' lang='lat'><strong>·</strong></span> <span class='ocrx_word' id='word_1_504' title='bbox 570 5233 728 5318; x_wconf 79' lang='lat' dir='ltr'><strong><em>Reliquae</em></strong></span> <span class='ocrx_word' id='word_1_505' title='bbox 750 5233 907 5297; x_wconf 87' lang='lat' dir='ltr'><strong><em>editiones</em></strong></span> <span class='ocrx_word' id='word_1_506' title='bbox 929 5254 995 5296; x_wconf 92' lang='lat' dir='ltr'><strong><em>non</em></strong></span> <span class='ocrx_word' id='word_1_507' title='bbox 1019 5253 1059 5294; x_wconf 80' lang='lat' dir='ltr'><strong><em>ea</em></strong></span> <span class='ocrx_word' id='word_1_508' title='bbox 1075 5231 1221 5316; x_wconf 83' lang='lat' dir='ltr'><strong><em>antiquis</em></strong></span> <span class='ocrx_word' id='word_1_509' title='bbox 1242 5229 1408 5294; x_wconf 86' lang='lat' dir='ltr'><strong><em>codicibus</em></strong></span> <span class='ocrx_word' id='word_1_510' title='bbox 1430 5233 1677 5317; x_wconf 86' lang='lat' dir='ltr'><strong><em>manuscriptis,</em></strong></span> <span class='ocrx_word' id='word_1_511' title='bbox 1700 5233 1757 5298; x_wconf 89' lang='lat' dir='ltr'><strong><em>sed</em></strong></span> <span class='ocrx_word' id='word_1_512' title='bbox 1778 5255 1818 5297; x_wconf 82' lang='lat' dir='ltr'><strong><em>cn</em></strong></span> <span class='ocrx_word' id='word_1_513' title='bbox 1839 5232 1933 5299; x_wconf 91' lang='lat' dir='ltr'><strong><em>libris</em></strong></span> <span class='ocrx_word' id='word_1_514' title='bbox 1948 5229 2124 5320; x_wconf 44' lang='lat' dir='ltr'><strong><em>‘impressis</em></strong></span> <span class='ocrx_word' id='word_1_515' title='bbox 2143 5257 2172 5297; x_wconf 82' lang='lat' dir='ltr'><strong><em>ss</em></strong></span> 
     </span>
     <span class='ocr_line' id='line_1_47' title="bbox 467 5333 1811 5420; baseline -0.005 -18"><span class='ocrx_word' id='word_1_516' title='bbox 467 5339 656 5402; x_wconf 88' lang='lat' dir='ltr'><strong><em>hauserunt.</em></strong></span> <span class='ocrx_word' id='word_1_517' title='bbox 700 5337 882 5401; x_wconf 88' lang='lat' dir='ltr'><strong><em>Memoratu</em></strong></span> <span class='ocrx_word' id='word_1_518' title='bbox 905 5337 1029 5420; x_wconf 74' lang='lat' dir='ltr'><strong><em>dipnce</em></strong></span> <span class='ocrx_word' id='word_1_519' title='bbox 1050 5343 1127 5398; x_wconf 89' lang='lat' dir='ltr'><strong><em>sunt</em></strong></span> <span class='ocrx_word' id='word_1_520' title='bbox 1149 5333 1228 5398; x_wconf 86' lang='lat' dir='ltr'><strong><em>hae:</em></strong></span> <span class='ocrx_word' id='word_1_521' title='bbox 1807 5355 1811 5362; x_wconf 89' lang='lat'><strong>·</strong></span> 
     </span>
    </p>

    <p class='ocr_par' dir='ltr' id='par_1_10' title="bbox 466 5438 2124 5632">
     <span class='ocr_line' id='line_1_48' title="bbox 574 5438 2124 5526; baseline 0.001 -22"><span class='ocrx_word' id='word_1_522' title='bbox 574 5444 600 5510; x_wconf 91' lang='grc'><strong><em>1.</em></strong></span> <span class='ocrx_word' id='word_1_523' title='bbox 637 5441 764 5526; x_wconf 82' lang='lat' dir='ltr'><strong><em>Corpus</em></strong></span> <span class='ocrx_word' id='word_1_524' title='bbox 793 5441 878 5505; x_wconf 88' lang='lat' dir='ltr'><strong><em>iuris</em></strong></span> <span class='ocrx_word' id='word_1_525' title='bbox 906 5438 1097 5502; x_wconf 81' lang='lat' dir='ltr'><strong><em>Germanici</em></strong></span> <span class='ocrx_word' id='word_1_526' title='bbox 1125 5439 1267 5520; x_wconf 81' lang='lat' dir='ltr'><strong><em>antiqui,</em></strong></span> <span class='ocrx_word' id='word_1_527' title='bbox 1295 5459 1357 5523; x_wconf 83' lang='lat' dir='ltr'><strong><em>que</em></strong></span> <span class='ocrx_word' id='word_1_528' title='bbox 1380 5441 1588 5504; x_wconf 87' lang='lat' dir='ltr'><strong><em>continentur</em></strong></span> <span class='ocrx_word' id='word_1_529' title='bbox 1609 5439 1692 5526; x_wconf 80' lang='lat' dir='ltr'><strong><em>lepes</em></strong></span> <span class='ocrx_word' id='word_1_530' title='bbox 1714 5441 1917 5505; x_wconf 86' lang='lat' dir='ltr'><strong><em>Francorum</em></strong></span> <span class='ocrx_word' id='word_1_531' title='bbox 1940 5441 2074 5506; x_wconf 78' lang='lat' dir='ltr'><strong><em>Salinae</em></strong></span> <span class='ocrx_word' id='word_1_532' title='bbox 2095 5451 2124 5505; x_wconf 89' lang='lat' dir='ltr'><strong><em>et</em></strong></span> 
     </span>
     <span class='ocr_line' id='line_1_49' title="bbox 466 5541 2123 5632; baseline -0.001 -22"><span class='ocrx_word' id='word_1_533' title='bbox 466 5546 719 5630; x_wconf 82' lang='lat' dir='ltr'><strong><em>Ilipuariorum,</em></strong></span> <span class='ocrx_word' id='word_1_534' title='bbox 734 5543 1009 5624; x_wconf 84' lang='lat' dir='ltr'><strong><em>Alamannorum,</em></strong></span> <span class='ocrx_word' id='word_1_535' title='bbox 1024 5541 1286 5606; x_wconf 85' lang='lat' dir='ltr'><strong><em>Bainoariorum</em></strong></span> <span class='ocrx_word' id='word_1_536' title='bbox 1302 5551 1356 5606; x_wconf 87' lang='lat' dir='ltr'><strong><em>etc.</em></strong></span> <span class='ocrx_word' id='word_1_537' title='bbox 1399 5542 1488 5626; x_wconf 86' lang='lat' dir='ltr'><strong><em>Opus</em></strong></span> <span class='ocrx_word' id='word_1_538' title='bbox 1507 5553 1582 5627; x_wconf 88' lang='lat' dir='ltr'><strong><em>post</em></strong></span> <span class='ocrx_word' id='word_1_539' title='bbox 1596 5544 1633 5612; x_wconf 89' lang='lat' dir='ltr'><strong><em>cl.</em></strong></span> <span class='ocrx_word' id='word_1_540' title='bbox 1649 5567 1698 5608; x_wconf 86' lang='lat' dir='ltr'><strong><em>ro.</em></strong></span> <span class='ocrx_word' id='word_1_541' title='bbox 1715 5545 1862 5627; x_wconf 88' lang='lat' dir='ltr'><strong><em>Heroldi,</em></strong></span> <span class='ocrx_word' id='word_1_542' title='bbox 1878 5545 2123 5632; x_wconf 81' lang='lat' dir='ltr'><strong><em>Lindenbropii,</em></strong></span> 
     </span>
    </p>
   </div>
   <div class='ocr_carea' id='block_1_5' title="bbox 467 5739 2171 5932">
    <p class='ocr_par' dir='ltr' id='par_1_11' title="bbox 467 5739 2171 5932">
     <span class='ocr_line' id='line_1_50' title="bbox 575 5739 2122 5830; baseline 0.001 -18"><span class='ocrx_word' id='word_1_543' title='bbox 575 5759 603 5830; x_wconf 91' lang='lat'><strong><em>1)</em></strong></span> <span class='ocrx_word' id='word_1_544' title='bbox 627 5739 741 5814; x_wconf 77' lang='lat' dir='ltr'><strong><em>Codices</em></strong></span> <span class='ocrx_word' id='word_1_545' title='bbox 764 5757 895 5812; x_wconf 74' lang='lat' dir='ltr'><strong><em>At-s,</em></strong></span> <span class='ocrx_word' id='word_1_546' title='bbox 915 5758 962 5812; x_wconf 89' lang='lat'><strong><em>11.</em></strong></span> <span class='ocrx_word' id='word_1_547' title='bbox 986 5757 1012 5809; x_wconf 82' lang='lat' dir='ltr'><strong><em>Ii</em></strong></span> <span class='ocrx_word' id='word_1_548' title='bbox 1029 5756 1057 5810; x_wconf 93' lang='grc'><strong><em>8.</em></strong></span> <span class='ocrx_word' id='word_1_549' title='bbox 1078 5755 1113 5808; x_wconf 87' lang='grc'><strong><em>15</em></strong></span> <span class='ocrx_word' id='word_1_550' title='bbox 1134 5755 1165 5810; x_wconf 87' lang='lat' dir='ltr'><strong><em>J.</em></strong></span> <span class='ocrx_word' id='word_1_551' title='bbox 1189 5757 1299 5811; x_wconf 86' lang='lat' dir='ltr'><strong><em>Merhsl</em></strong></span> <span class='ocrx_word' id='word_1_552' title='bbox 1320 5759 1400 5812; x_wconf 88' lang='lat' dir='ltr'><strong><em>mado</em></strong></span> <span class='ocrx_word' id='word_1_553' title='bbox 1423 5759 1461 5812; x_wconf 89' lang='lat' dir='ltr'><strong><em>ad</em></strong></span> <span class='ocrx_word' id='word_1_554' title='bbox 1483 5759 1582 5828; x_wconf 74' lang='lat' dir='ltr'><strong><em>Lepcm</em></strong></span> <span class='ocrx_word' id='word_1_555' title='bbox 1605 5759 1835 5829; x_wconf 82' lang='lat' dir='ltr'><strong><em>Larstsridanam,</em></strong></span> <span class='ocrx_word' id='word_1_556' title='bbox 1858 5761 1939 5814; x_wconf 90' lang='lat' dir='ltr'><strong><em>modo</em></strong></span> <span class='ocrx_word' id='word_1_557' title='bbox 1962 5759 2001 5814; x_wconf 89' lang='lat' dir='ltr'><strong><em>ad</em></strong></span> <span class='ocrx_word' id='word_1_558' title='bbox 2022 5761 2122 5830; x_wconf 77' lang='lat' dir='ltr'><strong><em>Lepem</em></strong></span> 
     </span>
     <span class='ocr_line' id='line_1_51' title="bbox 467 5859 2171 5932; baseline -0.003 -13"><span class='ocrx_word' id='word_1_559' title='bbox 467 5863 636 5919; x_wconf 85' lang='lat' dir='ltr'><strong><em>Karotinam</em></strong></span> <span class='ocrx_word' id='word_1_560' title='bbox 658 5862 784 5918; x_wconf 89' lang='lat' dir='ltr'><strong><em>adhibuit</em></strong></span> <span class='ocrx_word' id='word_1_561' title='bbox 807 5860 879 5930; x_wconf 84' lang='lat' dir='ltr'><strong><em>(LL.</em></strong></span> <span class='ocrx_word' id='word_1_562' title='bbox 902 5862 962 5930; x_wconf 89' lang='lat' dir='ltr'><strong><em>III,</em></strong></span> <span class='ocrx_word' id='word_1_563' title='bbox 979 5879 1014 5932; x_wconf 90' lang='lat' dir='ltr'><strong><em>p.</em></strong></span> <span class='ocrx_word' id='word_1_564' title='bbox 1038 5859 1183 5931; x_wconf 80' lang='lat'><strong><em>25-27).</em></strong></span> <span class='ocrx_word' id='word_1_565' title='bbox 2142 5884 2171 5926; x_wconf 67' lang='grc' dir='ltr'><strong>ω</strong></span> 
     </span>
    </p>
   </div>
   <div class='ocr_carea' id='block_1_6' title="bbox 0 0 2329 6420">
    <p class='ocr_par' dir='ltr' id='par_1_12' title="bbox 0 0 2329 6420">
     <span class='ocr_line' id='line_1_52' title="bbox 0 0 2329 6420; baseline 0 0"><span class='ocrx_word' id='word_1_566' title='bbox 0 0 2329 6420; x_wconf 95' lang='lat' dir='ltr'><strong><em> </em></strong></span> 
     </span>
    </p>
   </div>
  </div>
 </body>
</html>
