<?xml version="1.0" encoding="UTF-8"?>
<!DOCTYPE html PUBLIC "-//W3C//DTD XHTML 1.0 Transitional//EN"
    "http://www.w3.org/TR/xhtml1/DTD/xhtml1-transitional.dtd">
<html xmlns="http://www.w3.org/1999/xhtml" xml:lang="en" lang="en">
 <head>
  <title>
</title>
<meta http-equiv="Content-Type" content="text/html;charset=utf-8" />
  <meta name='ocr-system' content='tesseract 3.04.00' />
  <meta name='ocr-capabilities' content='ocr_page ocr_carea ocr_par ocr_line ocrx_word'/>
</head>
<body>
  <div class='ocr_page' id='page_1' title='image "./legesalamannoru00lehmgoog/legesalamannoru00lehmgoog_0053.png"; bbox 0 0 4612 6414; ppageno 0'>
   <div class='ocr_carea' id='block_1_1' title="bbox 333 688 659 743">
    <p class='ocr_par' dir='ltr' id='par_1_1' title="bbox 333 688 659 743">
     <span class='ocr_line' id='line_1_1' title="bbox 333 688 659 743; baseline -0.009 0"><span class='ocrx_word' id='word_1_1' title='bbox 333 691 385 743; x_wconf 78' lang='lat' dir='ltr'>Ed.</span> <span class='ocrx_word' id='word_1_2' title='bbox 531 688 612 740; x_wconf 80' lang='lat' dir='ltr'>Codd.</span> <span class='ocrx_word' id='word_1_3' title='bbox 636 690 659 740; x_wconf 88' lang='lat' dir='ltr'>l.</span> 
     </span>
    </p>
   </div>
   <div class='ocr_carea' id='block_1_2' title="bbox 287 1084 799 1246">
    <p class='ocr_par' dir='ltr' id='par_1_2' title="bbox 287 1084 799 1246">
     <span class='ocr_line' id='line_1_2' title="bbox 287 1084 799 1158; baseline -0.023 -9"><span class='ocrx_word' id='word_1_4' title='bbox 287 1097 385 1148; x_wconf 93' lang='lat' dir='ltr'>XLIII.</span> <span class='ocrx_word' id='word_1_5' title='bbox 439 1089 489 1144; x_wconf 78' lang='lat'>42.</span> <span class='ocrx_word' id='word_1_6' title='bbox 512 1089 556 1142; x_wconf 83' lang='lat' dir='ltr'>De</span> <span class='ocrx_word' id='word_1_7' title='bbox 580 1086 696 1152; x_wconf 84' lang='lat' dir='ltr'><strong>crimen,</strong></span> <span class='ocrx_word' id='word_1_8' title='bbox 721 1084 799 1158; x_wconf 81' lang='lat' dir='ltr'>quod</span> 
     </span>
     <span class='ocr_line' id='line_1_3' title="bbox 396 1188 798 1246; baseline -0.012 0"><span class='ocrx_word' id='word_1_9' title='bbox 396 1192 472 1246; x_wconf 85' lang='lat' dir='ltr'>liber</span> <span class='ocrx_word' id='word_1_10' title='bbox 506 1191 642 1245; x_wconf 82' lang='lat' dir='ltr'>adversus</span> <span class='ocrx_word' id='word_1_11' title='bbox 675 1188 798 1242; x_wconf 81' lang='lat' dir='ltr'>liberum</span> 
     </span>
    </p>
   </div>
   <div class='ocr_carea' id='block_1_3' title="bbox 291 1293 797 1572">
    <p class='ocr_par' dir='ltr' id='par_1_3' title="bbox 291 1293 797 1572">
     <span class='ocr_line' id='line_1_4' title="bbox 397 1293 593 1367; baseline -0.026 -17"><span class='ocrx_word' id='word_1_12' title='bbox 397 1293 567 1367; x_wconf 79' lang='lat' dir='ltr'>inposuerit.</span> <span class='ocrx_word' id='word_1_13' title='bbox 589 1301 593 1314; x_wconf 86' lang='lat'>&#39;</span> 
     </span>
     <span class='ocr_line' id='line_1_5' title="bbox 291 1394 797 1466; baseline -0.032 -4"><span class='ocrx_word' id='word_1_14' title='bbox 291 1413 386 1466; x_wconf 85' lang='lat' dir='ltr'>XLIV.</span> <span class='ocrx_word' id='word_1_15' title='bbox 439 1399 488 1454; x_wconf 88' lang='lat'>43.</span> <span class='ocrx_word' id='word_1_16' title='bbox 501 1399 546 1453; x_wconf 82' lang='lat' dir='ltr'>De</span> <span class='ocrx_word' id='word_1_17' title='bbox 559 1414 655 1464; x_wconf 77' lang='lat' dir='ltr'>sauss,</span> <span class='ocrx_word' id='word_1_18' title='bbox 668 1394 715 1466; x_wconf 90' lang='lat' dir='ltr'>qui</span> <span class='ocrx_word' id='word_1_19' title='bbox 729 1411 797 1463; x_wconf 76' lang='lat' dir='ltr'>sepe</span> 
     </span>
     <span class='ocr_line' id='line_1_6' title="bbox 398 1500 713 1572; baseline -0.016 -16"><span class='ocrx_word' id='word_1_20' title='bbox 398 1504 492 1558; x_wconf 83' lang='lat' dir='ltr'>soient</span> <span class='ocrx_word' id='word_1_21' title='bbox 515 1500 713 1572; x_wconf 51' lang='lat' dir='ltr'>contingere&amp;</span> 
     </span>
    </p>
   </div>
   <div class='ocr_carea' id='block_1_4' title="bbox 293 2005 802 2479">
    <p class='ocr_par' dir='ltr' id='par_1_4' title="bbox 307 2005 800 2272">
     <span class='ocr_line' id='line_1_7' title="bbox 307 2005 800 2078; baseline -0.018 -9"><span class='ocrx_word' id='word_1_22' title='bbox 307 2023 388 2076; x_wconf 76' lang='lat' dir='ltr'>XLV,</span> <span class='ocrx_word' id='word_1_23' title='bbox 442 2011 490 2066; x_wconf 89' lang='lat'>44.</span> <span class='ocrx_word' id='word_1_24' title='bbox 514 2011 558 2066; x_wconf 80' lang='lat' dir='ltr'>Do</span> <span class='ocrx_word' id='word_1_25' title='bbox 578 2008 732 2076; x_wconf 70' lang='lat' dir='ltr'>oolibam,</span> <span class='ocrx_word' id='word_1_26' title='bbox 752 2005 800 2078; x_wconf 87' lang='lat' dir='ltr'>qui</span> 
     </span>
     <span class='ocr_line' id='line_1_8' title="bbox 398 2110 800 2169; baseline -0.017 0"><span class='ocrx_word' id='word_1_27' title='bbox 398 2115 522 2169; x_wconf 82' lang='lat' dir='ltr'>liberum</span> <span class='ocrx_word' id='word_1_28' title='bbox 545 2119 625 2167; x_wconf 77' lang='lat' dir='ltr'>extra</span> <span class='ocrx_word' id='word_1_29' title='bbox 648 2110 800 2166; x_wconf 82' lang='lat' dir='ltr'>terminum</span> 
     </span>
     <span class='ocr_line' id='line_1_9' title="bbox 399 2217 571 2272; baseline -0.006 -1"><span class='ocrx_word' id='word_1_30' title='bbox 399 2217 571 2272; x_wconf 82' lang='lat' dir='ltr'>vindediret.</span> 
     </span>
    </p>

    <p class='ocr_par' dir='ltr' id='par_1_5' title="bbox 293 2316 802 2479">
     <span class='ocr_line' id='line_1_10' title="bbox 293 2316 801 2380; baseline -0.022 -1"><span class='ocrx_word' id='word_1_31' title='bbox 293 2328 388 2380; x_wconf 86' lang='lat' dir='ltr'>XLVI.</span> <span class='ocrx_word' id='word_1_32' title='bbox 443 2321 491 2376; x_wconf 84' lang='lat'>45.</span> <span class='ocrx_word' id='word_1_33' title='bbox 514 2321 559 2376; x_wconf 81' lang='lat' dir='ltr'>De</span> <span class='ocrx_word' id='word_1_34' title='bbox 575 2317 689 2374; x_wconf 81' lang='lat' dir='ltr'>seminis</span> <span class='ocrx_word' id='word_1_35' title='bbox 701 2316 801 2372; x_wconf 80' lang='lat' dir='ltr'>liberis</span> 
     </span>
     <span class='ocr_line' id='line_1_11' title="bbox 401 2419 802 2479; baseline -0.01 -1"><span class='ocrx_word' id='word_1_36' title='bbox 401 2431 480 2479; x_wconf 82' lang='lat' dir='ltr'>extra</span> <span class='ocrx_word' id='word_1_37' title='bbox 532 2421 646 2476; x_wconf 76' lang='lat' dir='ltr'>marcha</span> <span class='ocrx_word' id='word_1_38' title='bbox 691 2419 802 2474; x_wconf 73' lang='lat' dir='ltr'><strong>vinditat</strong></span> 
     </span>
    </p>
   </div>
   <div class='ocr_carea' id='block_1_5' title="bbox 282 2528 802 2891">
    <p class='ocr_par' dir='ltr' id='par_1_6' title="bbox 400 2528 522 2582">
     <span class='ocr_line' id='line_1_12' title="bbox 400 2528 522 2582; baseline -0.033 0"><span class='ocrx_word' id='word_1_39' title='bbox 400 2528 522 2582; x_wconf 77' lang='lat' dir='ltr'>fuerent.</span> 
     </span>
    </p>

    <p class='ocr_par' dir='ltr' id='par_1_7' title="bbox 282 2626 802 2891">
     <span class='ocr_line' id='line_1_13' title="bbox 282 2626 801 2684; baseline -0.004 -2"><span class='ocrx_word' id='word_1_40' title='bbox 282 2633 389 2684; x_wconf 83' lang='lat' dir='ltr'>XLVII.</span> <span class='ocrx_word' id='word_1_41' title='bbox 443 2631 491 2684; x_wconf 85' lang='grc'>46.</span> <span class='ocrx_word' id='word_1_42' title='bbox 515 2629 559 2682; x_wconf 86' lang='lat' dir='ltr'>De</span> <span class='ocrx_word' id='word_1_43' title='bbox 583 2645 617 2682; x_wconf 80' lang='lat' dir='ltr'>so</span> <span class='ocrx_word' id='word_1_44' title='bbox 634 2627 727 2682; x_wconf 70' lang='lat' dir='ltr'>libero</span> <span class='ocrx_word' id='word_1_45' title='bbox 744 2626 801 2680; x_wconf 87' lang='lat' dir='ltr'>rdio</span> 
     </span>
     <span class='ocr_line' id='line_1_14' title="bbox 400 2729 802 2802; baseline -0.007 -16"><span class='ocrx_word' id='word_1_46' title='bbox 400 2734 522 2788; x_wconf 82' lang='lat' dir='ltr'>liberum</span> <span class='ocrx_word' id='word_1_47' title='bbox 545 2731 620 2785; x_wconf 79' lang='lat' dir='ltr'>inira</span> <span class='ocrx_word' id='word_1_48' title='bbox 646 2729 802 2802; x_wconf 78' lang='lat' dir='ltr'>provencia</span> 
     </span>
     <span class='ocr_line' id='line_1_15' title="bbox 400 2835 593 2891; baseline -0.016 0"><span class='ocrx_word' id='word_1_49' title='bbox 400 2835 593 2891; x_wconf 76' lang='lat' dir='ltr'>vindediront.</span> 
     </span>
    </p>
   </div>
   <div class='ocr_carea' id='block_1_6' title="bbox 267 3038 802 3508">
    <p class='ocr_par' dir='ltr' id='par_1_8' title="bbox 267 3038 802 3302">
     <span class='ocr_line' id='line_1_16' title="bbox 267 3038 802 3102; baseline -0.024 1"><span class='ocrx_word' id='word_1_50' title='bbox 267 3051 391 3102; x_wconf 86' lang='lat' dir='ltr'>XLVIII.</span> <span class='ocrx_word' id='word_1_51' title='bbox 444 3042 493 3096; x_wconf 73' lang='lat'>47.</span> <span class='ocrx_word' id='word_1_52' title='bbox 527 3042 572 3096; x_wconf 84' lang='lat' dir='ltr'>Do</span> <span class='ocrx_word' id='word_1_53' title='bbox 598 3039 713 3094; x_wconf 80' lang='lat' dir='ltr'>homino</span> <span class='ocrx_word' id='word_1_54' title='bbox 736 3038 802 3093; x_wconf 75' lang='lat' dir='ltr'><strong>Ala-</strong></span> 
     </span>
     <span class='ocr_line' id='line_1_17' title="bbox 403 3143 801 3214; baseline -0.01 -16"><span class='ocrx_word' id='word_1_55' title='bbox 403 3163 506 3198; x_wconf 81' lang='lat' dir='ltr'>manno</span> <span class='ocrx_word' id='word_1_56' title='bbox 519 3143 625 3210; x_wconf 78' lang='lat' dir='ltr'>occiso,</span> <span class='ocrx_word' id='word_1_57' title='bbox 640 3143 717 3214; x_wconf 86' lang='lat' dir='ltr'>quod</span> <span class='ocrx_word' id='word_1_58' title='bbox 730 3159 801 3194; x_wconf 81' lang='lat' dir='ltr'>rnor-</span> 
     </span>
     <span class='ocr_line' id='line_1_18' title="bbox 402 3247 641 3302; baseline 0 -2"><span class='ocrx_word' id='word_1_59' title='bbox 402 3247 510 3302; x_wconf 81' lang='lat' dir='ltr'>thaudo</span> <span class='ocrx_word' id='word_1_60' title='bbox 534 3247 641 3302; x_wconf 80' lang='lat' dir='ltr'>dicunt.</span> 
     </span>
    </p>

    <p class='ocr_par' dir='ltr' id='par_1_9' title="bbox 295 3349 802 3508">
     <span class='ocr_line' id='line_1_19' title="bbox 295 3349 802 3420; baseline -0.01 -14"><span class='ocrx_word' id='word_1_61' title='bbox 295 3357 391 3407; x_wconf 85' lang='lat' dir='ltr'>XLIX.</span> <span class='ocrx_word' id='word_1_62' title='bbox 445 3351 494 3406; x_wconf 89' lang='lat'>48.</span> <span class='ocrx_word' id='word_1_63' title='bbox 524 3352 569 3405; x_wconf 79' lang='lat' dir='ltr'>De</span> <span class='ocrx_word' id='word_1_64' title='bbox 591 3349 723 3418; x_wconf 82' lang='lat' dir='ltr'>liberum,</span> <span class='ocrx_word' id='word_1_65' title='bbox 755 3349 802 3420; x_wconf 85' lang='lat' dir='ltr'>qui</span> 
     </span>
     <span class='ocr_line' id='line_1_20' title="bbox 404 3453 732 3508; baseline 0 0"><span class='ocrx_word' id='word_1_66' title='bbox 404 3455 439 3508; x_wconf 77' lang='lat' dir='ltr'>de</span> <span class='ocrx_word' id='word_1_67' title='bbox 462 3460 539 3506; x_wconf 78' lang='lat' dir='ltr'>terra</span> <span class='ocrx_word' id='word_1_68' title='bbox 562 3453 732 3508; x_wconf 83' lang='lat' dir='ltr'>exfodiatur.</span> 
     </span>
    </p>
   </div>
   <div class='ocr_carea' id='block_1_7' title="bbox 360 3657 804 3834">
    <p class='ocr_par' dir='ltr' id='par_1_10' title="bbox 360 3657 804 3834">
     <span class='ocr_line' id='line_1_21' title="bbox 360 3657 804 3714; baseline -0.009 -2"><span class='ocrx_word' id='word_1_69' title='bbox 360 3663 390 3712; x_wconf 91' lang='lat' dir='ltr'>L.</span> <span class='ocrx_word' id='word_1_70' title='bbox 445 3661 493 3714; x_wconf 79' lang='lat'>49.</span> <span class='ocrx_word' id='word_1_71' title='bbox 517 3659 562 3714; x_wconf 81' lang='lat' dir='ltr'>De</span> <span class='ocrx_word' id='word_1_72' title='bbox 581 3675 669 3713; x_wconf 75' lang='lat' dir='ltr'>uxore</span> <span class='ocrx_word' id='word_1_73' title='bbox 686 3657 804 3712; x_wconf 77' lang='lat' dir='ltr'>alterius</span> 
     </span>
     <span class='ocr_line' id='line_1_22' title="bbox 404 3761 733 3834; baseline -0.006 -18"><span class='ocrx_word' id='word_1_74' title='bbox 404 3769 505 3818; x_wconf 78' lang='lat' dir='ltr'>eontra</span> <span class='ocrx_word' id='word_1_75' title='bbox 526 3762 591 3834; x_wconf 74' lang='lat' dir='ltr'>Iege</span> <span class='ocrx_word' id='word_1_76' title='bbox 614 3761 733 3816; x_wconf 77' lang='lat' dir='ltr'>tullerit.</span> 
     </span>
    </p>
   </div>
   <div class='ocr_carea' id='block_1_8' title="bbox 348 3966 804 4143">
    <p class='ocr_par' dir='ltr' id='par_1_11' title="bbox 348 3966 804 4143">
     <span class='ocr_line' id='line_1_23' title="bbox 348 3966 804 4039; baseline -0.015 -13"><span class='ocrx_word' id='word_1_77' title='bbox 348 3977 393 4027; x_wconf 92' lang='lat' dir='ltr'>LI.</span> <span class='ocrx_word' id='word_1_78' title='bbox 448 3970 497 4024; x_wconf 89' lang='grc'><strong>50.</strong></span> <span class='ocrx_word' id='word_1_79' title='bbox 520 3969 565 4024; x_wconf 84' lang='lat' dir='ltr'>De</span> <span class='ocrx_word' id='word_1_80' title='bbox 581 3973 721 4039; x_wconf 76' lang='lat' dir='ltr'>spunssta</span> <span class='ocrx_word' id='word_1_81' title='bbox 736 3966 804 4021; x_wconf 80' lang='lat' dir='ltr'>altr.-</span> 
     </span>
     <span class='ocr_line' id='line_1_24' title="bbox 405 4073 617 4143; baseline -0.009 -16"><span class='ocrx_word' id='word_1_82' title='bbox 405 4073 464 4127; x_wconf 88' lang='lat' dir='ltr'>rius</span> <span class='ocrx_word' id='word_1_83' title='bbox 487 4078 617 4143; x_wconf 80' lang='lat' dir='ltr'>accepta.</span> 
     </span>
    </p>
   </div>
   <div class='ocr_carea' id='block_1_9' title="bbox 335 4281 395 4331">
    <p class='ocr_par' dir='ltr' id='par_1_12' title="bbox 335 4281 395 4331">
     <span class='ocr_line' id='line_1_25' title="bbox 335 4281 395 4331; baseline 0.017 -1"><span class='ocrx_word' id='word_1_84' title='bbox 335 4281 395 4331; x_wconf 92' lang='lat' dir='ltr'>LII.</span> 
     </span>
    </p>
   </div>
   <div class='ocr_carea' id='block_1_10' title="bbox 805 495 1679 559">
    <p class='ocr_par' dir='ltr' id='par_1_13' title="bbox 805 495 1679 559">
     <span class='ocr_line' id='line_1_26' title="bbox 805 495 1679 559; baseline -0.008 0"><span class='ocrx_word' id='word_1_85' title='bbox 805 501 924 559; x_wconf 80' lang='lat' dir='ltr'>LEGES</span> <span class='ocrx_word' id='word_1_86' title='bbox 948 499 1254 558; x_wconf 79' lang='lat' dir='ltr'>ALAMANNORUM.</span> <span class='ocrx_word' id='word_1_87' title='bbox 1280 531 1316 538; x_wconf 96' lang='lat'>—</span> <span class='ocrx_word' id='word_1_88' title='bbox 1341 499 1426 554; x_wconf 85' lang='lat' dir='ltr'>LEX.</span> <span class='ocrx_word' id='word_1_89' title='bbox 1471 497 1622 554; x_wconf 85' lang='lat' dir='ltr'>INDICES</span> <span class='ocrx_word' id='word_1_90' title='bbox 1644 495 1679 552; x_wconf 84' lang='grc' dir='ltr'><strong>Δ.</strong></span> 
     </span>
    </p>
   </div>
   <div class='ocr_carea' id='block_1_11' title="bbox 891 688 935 842">
    <p class='ocr_par' dir='ltr' id='par_1_14' title="bbox 891 688 935 842">
     <span class='ocr_line' id='line_1_27' title="bbox 900 688 925 738; baseline 0.08 -2"><span class='ocrx_word' id='word_1_91' title='bbox 900 688 925 738; x_wconf 78' lang='lat'>2.</span> 
     </span>
     <span class='ocr_line' id='line_1_28' title="bbox 891 789 935 842; baseline 0.045 -4"><span class='ocrx_word' id='word_1_92' title='bbox 891 789 935 842; x_wconf 85' lang='grc'>43.</span> 
     </span>
    </p>
   </div>
   <div class='ocr_carea' id='block_1_12' title="bbox 856 1411 969 1566">
    <p class='ocr_par' dir='ltr' id='par_1_15' title="bbox 856 1411 969 1566">
     <span class='ocr_line' id='line_1_29' title="bbox 856 1411 969 1462; baseline 0 -2"><span class='ocrx_word' id='word_1_93' title='bbox 856 1411 899 1462; x_wconf 86' lang='grc'>44.</span> <span class='ocrx_word' id='word_1_94' title='bbox 930 1411 969 1460; x_wconf 87' lang='lat' dir='ltr'>De</span> 
     </span>
     <span class='ocr_line' id='line_1_30' title="bbox 864 1519 961 1566; baseline 0 -14"><span class='ocrx_word' id='word_1_95' title='bbox 864 1519 961 1566; x_wconf 74' lang='lat' dir='ltr'>causis,</span> 
     </span>
    </p>
   </div>
   <div class='ocr_carea' id='block_1_13' title="bbox 1080 687 1124 840">
    <p class='ocr_par' dir='ltr' id='par_1_16' title="bbox 1080 687 1124 840">
     <span class='ocr_line' id='line_1_31' title="bbox 1089 687 1115 736; baseline 0.077 -2"><span class='ocrx_word' id='word_1_96' title='bbox 1089 687 1115 736; x_wconf 84' lang='lat'>3.</span> 
     </span>
     <span class='ocr_line' id='line_1_32' title="bbox 1080 787 1124 840; baseline 0.045 -4"><span class='ocrx_word' id='word_1_97' title='bbox 1080 787 1124 840; x_wconf 77' lang='lat'>42.</span> 
     </span>
    </p>
   </div>
   <div class='ocr_carea' id='block_1_14' title="bbox 1027 1407 1179 1564">
    <p class='ocr_par' dir='ltr' id='par_1_17' title="bbox 1027 1407 1179 1564">
     <span class='ocr_line' id='line_1_33' title="bbox 1045 1407 1160 1458; baseline -0.009 -1"><span class='ocrx_word' id='word_1_98' title='bbox 1045 1407 1088 1458; x_wconf 85' lang='lat'>44.</span> <span class='ocrx_word' id='word_1_99' title='bbox 1118 1407 1160 1456; x_wconf 77' lang='lat' dir='ltr'>De</span> 
     </span>
     <span class='ocr_line' id='line_1_34' title="bbox 1027 1500 1179 1564; baseline 0 -16"><span class='ocrx_word' id='word_1_100' title='bbox 1027 1502 1123 1562; x_wconf 70' lang='lat' dir='ltr'>carrata,</span> <span class='ocrx_word' id='word_1_101' title='bbox 1135 1500 1179 1564; x_wconf 87' lang='lat' dir='ltr'>qui</span> 
     </span>
    </p>
   </div>
   <div class='ocr_carea' id='block_1_15' title="bbox 836 1609 1179 1842">
    <p class='ocr_par' dir='ltr' id='par_1_18' title="bbox 836 1609 1179 1842">
     <span class='ocr_line' id='line_1_35' title="bbox 836 1609 1164 1664; baseline -0.015 -18"><span class='ocrx_word' id='word_1_102' title='bbox 836 1611 989 1664; x_wconf 78' lang='lat' dir='ltr'>qussssepo</span> <span class='ocrx_word' id='word_1_103' title='bbox 1040 1609 1102 1659; x_wconf 83' lang='lat' dir='ltr'>seps</span> <span class='ocrx_word' id='word_1_104' title='bbox 1123 1609 1164 1642; x_wconf 90' lang='lat' dir='ltr'>so-</span> 
     </span>
     <span class='ocr_line' id='line_1_36' title="bbox 837 1685 1179 1756; baseline -0.012 -16"><span class='ocrx_word' id='word_1_105' title='bbox 837 1691 990 1756; x_wconf 79' lang='lat' dir='ltr'>contingers</span> <span class='ocrx_word' id='word_1_106' title='bbox 1027 1685 1083 1736; x_wconf 85' lang='lat' dir='ltr'>lent</span> <span class='ocrx_word' id='word_1_107' title='bbox 1117 1700 1179 1736; x_wconf 87' lang='lat' dir='ltr'><strong>con·</strong></span> 
     </span>
     <span class='ocr_line' id='line_1_37' title="bbox 838 1779 1179 1842; baseline -0.018 -10"><span class='ocrx_word' id='word_1_108' title='bbox 838 1781 925 1832; x_wconf 82' lang='lat' dir='ltr'>solent</span> <span class='ocrx_word' id='word_1_109' title='bbox 963 1783 989 1831; x_wconf 88' lang='lat' dir='ltr'>in</span> <span class='ocrx_word' id='word_1_110' title='bbox 1027 1779 1129 1842; x_wconf 79' lang='lat' dir='ltr'>tingere</span> <span class='ocrx_word' id='word_1_111' title='bbox 1152 1779 1179 1827; x_wconf 86' lang='lat' dir='ltr'>in</span> 
     </span>
    </p>
   </div>
   <div class='ocr_carea' id='block_1_16' title="bbox 857 1873 964 2064">
    <p class='ocr_par' dir='ltr' id='par_1_19' title="bbox 857 1873 964 2064">
     <span class='ocr_line' id='line_1_38' title="bbox 857 1873 964 1940; baseline -0.009 -15"><span class='ocrx_word' id='word_1_112' title='bbox 857 1873 964 1940; x_wconf 86' lang='lat' dir='ltr'>populo.</span> 
     </span>
     <span class='ocr_line' id='line_1_39' title="bbox 894 2015 939 2064; baseline 0.044 -2"><span class='ocrx_word' id='word_1_113' title='bbox 894 2015 939 2064; x_wconf 79' lang='grc'>46.</span> 
     </span>
    </p>
   </div>
   <div class='ocr_carea' id='block_1_17' title="bbox 1046 1870 1153 2058">
    <p class='ocr_par' dir='ltr' id='par_1_20' title="bbox 1046 1870 1153 2058">
     <span class='ocr_line' id='line_1_40' title="bbox 1046 1870 1153 1936; baseline 0 -16"><span class='ocrx_word' id='word_1_114' title='bbox 1046 1870 1153 1936; x_wconf 83' lang='lat' dir='ltr'>populo.</span> 
     </span>
     <span class='ocr_line' id='line_1_41' title="bbox 1084 2009 1127 2058; baseline 0 0"><span class='ocrx_word' id='word_1_115' title='bbox 1084 2009 1127 2058; x_wconf 78' lang='grc'><strong>48,</strong></span> 
     </span>
    </p>
   </div>
   <div class='ocr_carea' id='block_1_18' title="bbox 932 2325 1179 2378">
    <p class='ocr_par' dir='ltr' id='par_1_21' title="bbox 932 2325 1179 2378">
     <span class='ocr_line' id='line_1_42' title="bbox 932 2325 1179 2378; baseline -0.016 0"><span class='ocrx_word' id='word_1_116' title='bbox 932 2367 937 2378; x_wconf 92' lang='grc'><strong>.</strong></span> <span class='ocrx_word' id='word_1_117' title='bbox 1028 2325 1072 2375; x_wconf 84' lang='grc'><strong>46.</strong></span> <span class='ocrx_word' id='word_1_118' title='bbox 1092 2325 1132 2376; x_wconf 82' lang='lat' dir='ltr'>Ds</span> <span class='ocrx_word' id='word_1_119' title='bbox 1144 2325 1179 2374; x_wconf 81' lang='lat' dir='ltr'>ie·</span> 
     </span>
    </p>
   </div>
   <div class='ocr_carea' id='block_1_19' title="bbox 900 3981 942 4031">
    <p class='ocr_par' dir='ltr' id='par_1_22' title="bbox 900 3981 942 4031">
     <span class='ocr_line' id='line_1_43' title="bbox 900 3981 942 4031; baseline 0.095 -4"><span class='ocrx_word' id='word_1_120' title='bbox 900 3981 942 4031; x_wconf 89' lang='lat' dir='ltr'>bl.</span> 
     </span>
    </p>
   </div>
   <div class='ocr_carea' id='block_1_20' title="bbox 323 4681 945 4741">
    <p class='ocr_par' dir='ltr' id='par_1_23' title="bbox 323 4681 945 4741">
     <span class='ocr_line' id='line_1_44' title="bbox 323 4681 945 4741; baseline 0.006 -5"><span class='ocrx_word' id='word_1_121' title='bbox 323 4687 396 4738; x_wconf 93' lang='lat' dir='ltr'>LIII.</span> <span class='ocrx_word' id='word_1_122' title='bbox 451 4685 499 4738; x_wconf 89' lang='grc'><strong>51.</strong></span> <span class='ocrx_word' id='word_1_123' title='bbox 533 4683 578 4738; x_wconf 84' lang='lat' dir='ltr'>De</span> <span class='ocrx_word' id='word_1_124' title='bbox 608 4681 668 4736; x_wconf 80' lang='lat' dir='ltr'><strong>filia</strong></span> <span class='ocrx_word' id='word_1_125' title='bbox 691 4682 808 4736; x_wconf 79' lang='lat' dir='ltr'>alterius</span> <span class='ocrx_word' id='word_1_126' title='bbox 902 4691 945 4741; x_wconf 81' lang='lat'>5³.</span> 
     </span>
    </p>
   </div>
   <div class='ocr_carea' id='block_1_21' title="bbox 408 4791 779 4858">
    <p class='ocr_par' dir='ltr' id='par_1_24' title="bbox 408 4791 779 4858">
     <span class='ocr_line' id='line_1_45' title="bbox 408 4791 779 4858; baseline 0 -17"><span class='ocrx_word' id='word_1_127' title='bbox 408 4804 466 4842; x_wconf 88' lang='lat' dir='ltr'>non</span> <span class='ocrx_word' id='word_1_128' title='bbox 489 4791 627 4858; x_wconf 80' lang='lat' dir='ltr'>spunsats</span> <span class='ocrx_word' id='word_1_129' title='bbox 650 4792 779 4857; x_wconf 78' lang='lat' dir='ltr'>accepta.</span> 
     </span>
    </p>
   </div>
   <div class='ocr_carea' id='block_1_22' title="bbox 326 4991 806 5150">
    <p class='ocr_par' dir='ltr' id='par_1_25' title="bbox 326 4991 806 5150">
     <span class='ocr_line' id='line_1_46' title="bbox 326 4991 806 5052; baseline -0.019 1"><span class='ocrx_word' id='word_1_130' title='bbox 326 5002 395 5052; x_wconf 89' lang='lat' dir='ltr'>LIV.</span> <span class='ocrx_word' id='word_1_131' title='bbox 450 4994 498 5048; x_wconf 80' lang='lat'>52.</span> <span class='ocrx_word' id='word_1_132' title='bbox 521 4993 566 5047; x_wconf 85' lang='lat' dir='ltr'>De</span> <span class='ocrx_word' id='word_1_133' title='bbox 585 4991 678 5046; x_wconf 82' lang='lat' dir='ltr'>libero</span> <span class='ocrx_word' id='word_1_134' title='bbox 695 4996 806 5046; x_wconf 86' lang='lat' dir='ltr'>mortuo</span> 
     </span>
     <span class='ocr_line' id='line_1_47' title="bbox 407 5096 715 5150; baseline -0.006 0"><span class='ocrx_word' id='word_1_135' title='bbox 407 5103 436 5150; x_wconf 80' lang='lat' dir='ltr'>et</span> <span class='ocrx_word' id='word_1_136' title='bbox 458 5113 575 5150; x_wconf 80' lang='lat' dir='ltr'>uxorem</span> <span class='ocrx_word' id='word_1_137' title='bbox 598 5096 715 5150; x_wconf 77' lang='lat' dir='ltr'>relecta.</span> 
     </span>
    </p>
   </div>
   <div class='ocr_carea' id='block_1_23' title="bbox 902 5005 944 5054">
    <p class='ocr_par' dir='ltr' id='par_1_26' title="bbox 902 5005 944 5054">
     <span class='ocr_line' id='line_1_48' title="bbox 902 5005 944 5054; baseline 0.048 -2"><span class='ocrx_word' id='word_1_138' title='bbox 902 5005 944 5054; x_wconf 88' lang='grc'>54.</span> 
     </span>
    </p>
   </div>
   <div class='ocr_carea' id='block_1_24' title="bbox 1029 2417 1179 2560">
    <p class='ocr_par' dir='ltr' id='par_1_27' title="bbox 1029 2417 1179 2560">
     <span class='ocr_line' id='line_1_49' title="bbox 1029 2417 1179 2468; baseline 0 -2"><span class='ocrx_word' id='word_1_139' title='bbox 1029 2419 1105 2466; x_wconf 86' lang='lat' dir='ltr'>minis</span> <span class='ocrx_word' id='word_1_140' title='bbox 1117 2417 1179 2468; x_wconf 84' lang='lat' dir='ltr'>libe·</span> 
     </span>
     <span class='ocr_line' id='line_1_50' title="bbox 1081 2511 1124 2560; baseline 0.047 -2"><span class='ocrx_word' id='word_1_141' title='bbox 1081 2511 1124 2560; x_wconf 82' lang='lat' dir='ltr'>ris.</span> 
     </span>
    </p>
   </div>
   <div class='ocr_carea' id='block_1_25' title="bbox 1084 2639 1127 2688">
    <p class='ocr_par' dir='ltr' id='par_1_28' title="bbox 1084 2639 1127 2688">
     <span class='ocr_line' id='line_1_51' title="bbox 1084 2639 1127 2688; baseline 0.047 -2"><span class='ocrx_word' id='word_1_142' title='bbox 1084 2639 1127 2688; x_wconf 73' lang='grc'>47.</span> 
     </span>
    </p>
   </div>
   <div class='ocr_carea' id='block_1_26' title="bbox 1030 3049 1176 3192">
    <p class='ocr_par' dir='ltr' id='par_1_29' title="bbox 1030 3049 1176 3192">
     <span class='ocr_line' id='line_1_52' title="bbox 1049 3049 1164 3099; baseline 0.017 -3"><span class='ocrx_word' id='word_1_143' title='bbox 1049 3049 1092 3099; x_wconf 89' lang='grc'>48.</span> <span class='ocrx_word' id='word_1_144' title='bbox 1124 3049 1164 3098; x_wconf 86' lang='lat' dir='ltr'>De</span> 
     </span>
     <span class='ocr_line' id='line_1_53' title="bbox 1030 3141 1176 3192; baseline 0.014 -2"><span class='ocrx_word' id='word_1_145' title='bbox 1030 3141 1176 3192; x_wconf 79' lang='lat' dir='ltr'>mortuddo.</span> 
     </span>
    </p>
   </div>
   <div class='ocr_carea' id='block_1_27' title="bbox 1086 3364 1129 3412">
    <p class='ocr_par' dir='ltr' id='par_1_30' title="bbox 1086 3364 1129 3412">
     <span class='ocr_line' id='line_1_54' title="bbox 1086 3364 1129 3412; baseline 0 -1"><span class='ocrx_word' id='word_1_146' title='bbox 1086 3364 1129 3412; x_wconf 77' lang='grc'>49.</span> 
     </span>
    </p>
   </div>
   <div class='ocr_carea' id='block_1_28' title="bbox 1214 683 1753 1573">
    <p class='ocr_par' dir='ltr' id='par_1_31' title="bbox 1398 683 1744 736">
     <span class='ocr_line' id='line_1_55' title="bbox 1398 683 1744 736; baseline -0.006 -1"><span class='ocrx_word' id='word_1_147' title='bbox 1398 687 1422 736; x_wconf 84' lang='grc'>4.</span> <span class='ocrx_word' id='word_1_148' title='bbox 1719 683 1744 734; x_wconf 89' lang='lat' dir='ltr'>b.</span> 
     </span>
    </p>

    <p class='ocr_par' dir='ltr' id='par_1_32' title="bbox 1214 777 1753 1040">
     <span class='ocr_line' id='line_1_56' title="bbox 1256 777 1753 849; baseline -0.004 -15"><span class='ocrx_word' id='word_1_149' title='bbox 1256 779 1305 834; x_wconf 87' lang='grc'>43.</span> <span class='ocrx_word' id='word_1_150' title='bbox 1330 777 1369 834; x_wconf 89' lang='lat' dir='ltr'>Ut</span> <span class='ocrx_word' id='word_1_151' title='bbox 1392 777 1536 849; x_wconf 82' lang='lat' dir='ltr'>scriptura</span> <span class='ocrx_word' id='word_1_152' title='bbox 1557 795 1616 832; x_wconf 87' lang='lat' dir='ltr'>non</span> <span class='ocrx_word' id='word_1_153' title='bbox 1710 783 1753 832; x_wconf 82' lang='grc'>44.</span> 
     </span>
     <span class='ocr_line' id='line_1_57' title="bbox 1214 882 1618 954; baseline -0.005 -18"><span class='ocrx_word' id='word_1_154' title='bbox 1214 883 1318 950; x_wconf 74' lang='lat' dir='ltr'>valcat,</span> <span class='ocrx_word' id='word_1_155' title='bbox 1341 882 1444 954; x_wconf 79' lang='lat' dir='ltr'>inqua</span> <span class='ocrx_word' id='word_1_156' title='bbox 1464 899 1565 942; x_wconf 78' lang='lat' dir='ltr'>annus.</span> <span class='ocrx_word' id='word_1_157' title='bbox 1589 889 1618 934; x_wconf 79' lang='lat' dir='ltr'>st</span> 
     </span>
     <span class='ocr_line' id='line_1_58' title="bbox 1215 985 1552 1040; baseline -0.006 0"><span class='ocrx_word' id='word_1_158' title='bbox 1215 985 1276 1040; x_wconf 84' lang='lat' dir='ltr'>dies</span> <span class='ocrx_word' id='word_1_159' title='bbox 1300 1003 1357 1040; x_wconf 89' lang='lat' dir='ltr'>non</span> <span class='ocrx_word' id='word_1_160' title='bbox 1382 985 1552 1040; x_wconf 74' lang='lat' dir='ltr'>ostenditur.</span> 
     </span>
    </p>

    <p class='ocr_par' dir='ltr' id='par_1_33' title="bbox 1217 1087 1617 1366">
     <span class='ocr_line' id='line_1_59' title="bbox 1257 1087 1617 1158; baseline -0.006 -16"><span class='ocrx_word' id='word_1_161' title='bbox 1257 1089 1305 1144; x_wconf 88' lang='lat'>44.</span> <span class='ocrx_word' id='word_1_162' title='bbox 1348 1090 1392 1144; x_wconf 81' lang='lat' dir='ltr'>De</span> <span class='ocrx_word' id='word_1_163' title='bbox 1426 1089 1530 1158; x_wconf 78' lang='lat' dir='ltr'>libero,</span> <span class='ocrx_word' id='word_1_164' title='bbox 1569 1087 1617 1158; x_wconf 88' lang='lat' dir='ltr'>qui</span> 
     </span>
     <span class='ocr_line' id='line_1_60' title="bbox 1217 1191 1616 1248; baseline 0 -2"><span class='ocrx_word' id='word_1_165' title='bbox 1217 1191 1299 1246; x_wconf 80' lang='lat' dir='ltr'>altori</span> <span class='ocrx_word' id='word_1_166' title='bbox 1328 1191 1421 1246; x_wconf 77' lang='lat' dir='ltr'>libero</span> <span class='ocrx_word' id='word_1_167' title='bbox 1445 1193 1552 1248; x_wconf 83' lang='lat' dir='ltr'>crimen</span> <span class='ocrx_word' id='word_1_168' title='bbox 1576 1191 1616 1246; x_wconf 89' lang='lat' dir='ltr'>in·</span> 
     </span>
     <span class='ocr_line' id='line_1_61' title="bbox 1217 1295 1355 1366; baseline -0.014 -16"><span class='ocrx_word' id='word_1_169' title='bbox 1217 1295 1355 1366; x_wconf 74' lang='lat' dir='ltr'>posuerit.</span> 
     </span>
    </p>

    <p class='ocr_par' dir='ltr' id='par_1_34' title="bbox 1219 1389 1618 1573">
     <span class='ocr_line' id='line_1_62' title="bbox 1260 1389 1618 1470; baseline -0.003 -18"><span class='ocrx_word' id='word_1_170' title='bbox 1260 1398 1309 1452; x_wconf 88' lang='grc'>45.</span> <span class='ocrx_word' id='word_1_171' title='bbox 1350 1399 1394 1452; x_wconf 76' lang='lat' dir='ltr'>Dr·</span> <span class='ocrx_word' id='word_1_172' title='bbox 1428 1397 1504 1464; x_wconf 80' lang='lat' dir='ltr'>risis,</span> <span class='ocrx_word' id='word_1_173' title='bbox 1543 1389 1618 1470; x_wconf 70' lang='lat' dir='ltr'>quob</span> 
     </span>
     <span class='ocr_line' id='line_1_63' title="bbox 1219 1499 1617 1573; baseline 0 -19"><span class='ocrx_word' id='word_1_174' title='bbox 1219 1519 1288 1573; x_wconf 71' lang='lat' dir='ltr'>seps</span> <span class='ocrx_word' id='word_1_175' title='bbox 1310 1499 1372 1554; x_wconf 74' lang='lat' dir='ltr'>fiori</span> <span class='ocrx_word' id='word_1_176' title='bbox 1396 1501 1490 1554; x_wconf 70' lang='lat' dir='ltr'>soit-nt</span> <span class='ocrx_word' id='word_1_177' title='bbox 1516 1499 1544 1554; x_wconf 83' lang='lat' dir='ltr'>irr</span> <span class='ocrx_word' id='word_1_178' title='bbox 1568 1519 1617 1571; x_wconf 83' lang='lat' dir='ltr'>po·</span> 
     </span>
    </p>
   </div>
   <div class='ocr_carea' id='block_1_29' title="bbox 1218 1604 1297 1676">
    <p class='ocr_par' dir='ltr' id='par_1_35' title="bbox 1218 1604 1297 1676">
     <span class='ocr_line' id='line_1_64' title="bbox 1218 1604 1297 1676; baseline -0.013 -17"><span class='ocrx_word' id='word_1_179' title='bbox 1218 1604 1297 1676; x_wconf 86' lang='lat' dir='ltr'>pulo.</span> 
     </span>
    </p>
   </div>
   <div class='ocr_carea' id='block_1_30' title="bbox 1217 2009 1622 3512">
    <p class='ocr_par' dir='ltr' id='par_1_36' title="bbox 1217 2009 1620 2274">
     <span class='ocr_line' id='line_1_65' title="bbox 1261 2009 1619 2084; baseline -0.011 -16"><span class='ocrx_word' id='word_1_180' title='bbox 1261 2013 1310 2068; x_wconf 83' lang='grc'>46.</span> <span class='ocrx_word' id='word_1_181' title='bbox 1352 2013 1396 2068; x_wconf 78' lang='lat' dir='ltr'>Dc</span> <span class='ocrx_word' id='word_1_182' title='bbox 1430 2011 1533 2080; x_wconf 73' lang='lat' dir='ltr'>libero,</span> <span class='ocrx_word' id='word_1_183' title='bbox 1572 2009 1619 2084; x_wconf 87' lang='lat' dir='ltr'>qui</span> 
     </span>
     <span class='ocr_line' id='line_1_66' title="bbox 1217 2114 1620 2171; baseline -0.01 -1"><span class='ocrx_word' id='word_1_184' title='bbox 1217 2115 1339 2171; x_wconf 78' lang='lat' dir='ltr'>liberum</span> <span class='ocrx_word' id='word_1_185' title='bbox 1370 2121 1450 2170; x_wconf 77' lang='lat' dir='ltr'>extra</span> <span class='ocrx_word' id='word_1_186' title='bbox 1482 2114 1620 2170; x_wconf 81' lang='lat' dir='ltr'>terrrriuos</span> 
     </span>
     <span class='ocr_line' id='line_1_67' title="bbox 1218 2219 1326 2274; baseline 0.009 -1"><span class='ocrx_word' id='word_1_187' title='bbox 1218 2219 1326 2274; x_wconf 83' lang='lat' dir='ltr'>vendit.</span> 
     </span>
    </p>

    <p class='ocr_par' dir='ltr' id='par_1_37' title="bbox 1219 2321 1619 2584">
     <span class='ocr_line' id='line_1_68' title="bbox 1261 2321 1619 2394; baseline -0.011 -16"><span class='ocrx_word' id='word_1_188' title='bbox 1261 2323 1310 2378; x_wconf 78' lang='grc'>47.</span> <span class='ocrx_word' id='word_1_189' title='bbox 1334 2323 1379 2378; x_wconf 78' lang='lat' dir='ltr'>De</span> <span class='ocrx_word' id='word_1_190' title='bbox 1400 2339 1444 2390; x_wconf 80' lang='lat' dir='ltr'>eo,</span> <span class='ocrx_word' id='word_1_191' title='bbox 1469 2321 1517 2394; x_wconf 85' lang='lat' dir='ltr'>qui</span> <span class='ocrx_word' id='word_1_192' title='bbox 1540 2321 1619 2376; x_wconf 78' lang='lat' dir='ltr'>forni-</span> 
     </span>
     <span class='ocr_line' id='line_1_69' title="bbox 1219 2427 1619 2498; baseline -0.01 -16"><span class='ocrx_word' id='word_1_193' title='bbox 1219 2445 1284 2482; x_wconf 80' lang='lat' dir='ltr'>nsm</span> <span class='ocrx_word' id='word_1_194' title='bbox 1307 2427 1462 2498; x_wconf 70' lang='lat' dir='ltr'>ingenuam</span> <span class='ocrx_word' id='word_1_195' title='bbox 1492 2443 1525 2478; x_wconf 79' lang='lat' dir='ltr'>rx</span> <span class='ocrx_word' id='word_1_196' title='bbox 1549 2443 1619 2480; x_wconf 73' lang='lat' dir='ltr'>mar·</span> 
     </span>
     <span class='ocr_line' id='line_1_70' title="bbox 1220 2529 1432 2584; baseline -0.009 0"><span class='ocrx_word' id='word_1_197' title='bbox 1220 2533 1302 2584; x_wconf 70' lang='grc' dir='ltr'>οειιηο</span> <span class='ocrx_word' id='word_1_198' title='bbox 1325 2529 1432 2584; x_wconf 82' lang='lat' dir='ltr'>vendit.</span> 
     </span>
    </p>

    <p class='ocr_par' dir='ltr' id='par_1_38' title="bbox 1219 2631 1620 2998">
     <span class='ocr_line' id='line_1_71' title="bbox 1262 2631 1620 2702; baseline -0.017 -14"><span class='ocrx_word' id='word_1_199' title='bbox 1262 2634 1311 2688; x_wconf 92' lang='grc'>48.</span> <span class='ocrx_word' id='word_1_200' title='bbox 1339 2635 1383 2688; x_wconf 81' lang='lat' dir='ltr'>De</span> <span class='ocrx_word' id='word_1_201' title='bbox 1408 2651 1452 2698; x_wconf 81' lang='grc' dir='ltr'>οο,</span> <span class='ocrx_word' id='word_1_202' title='bbox 1478 2631 1525 2702; x_wconf 86' lang='lat' dir='ltr'>qui</span> <span class='ocrx_word' id='word_1_203' title='bbox 1549 2631 1620 2686; x_wconf 81' lang='lat' dir='ltr'>libr·-</span> 
     </span>
     <span class='ocr_line' id='line_1_72' title="bbox 1219 2733 1620 2792; baseline -0.01 -2"><span class='ocrx_word' id='word_1_204' title='bbox 1219 2755 1281 2792; x_wconf 87' lang='lat' dir='ltr'>rum</span> <span class='ocrx_word' id='word_1_205' title='bbox 1304 2736 1449 2790; x_wconf 82' lang='lat' dir='ltr'>hominem</span> <span class='ocrx_word' id='word_1_206' title='bbox 1472 2735 1516 2788; x_wconf 75' lang='lat' dir='ltr'>vol</span> <span class='ocrx_word' id='word_1_207' title='bbox 1541 2733 1620 2788; x_wconf 78' lang='lat' dir='ltr'>fvrni·</span> 
     </span>
     <span class='ocr_line' id='line_1_73' title="bbox 1219 2837 1620 2908; baseline -0.01 -14"><span class='ocrx_word' id='word_1_208' title='bbox 1219 2859 1285 2894; x_wconf 83' lang='lat' dir='ltr'>nam</span> <span class='ocrx_word' id='word_1_209' title='bbox 1314 2839 1436 2894; x_wconf 77' lang='lat' dir='ltr'>liberam</span> <span class='ocrx_word' id='word_1_210' title='bbox 1458 2837 1533 2892; x_wconf 80' lang='lat' dir='ltr'>infra</span> <span class='ocrx_word' id='word_1_211' title='bbox 1556 2855 1620 2908; x_wconf 83' lang='lat' dir='ltr'>pro-</span> 
     </span>
     <span class='ocr_line' id='line_1_74' title="bbox 1220 2941 1537 2998; baseline -0.013 0"><span class='ocrx_word' id='word_1_212' title='bbox 1220 2943 1344 2998; x_wconf 78' lang='lat' dir='ltr'>vinciam</span> <span class='ocrx_word' id='word_1_213' title='bbox 1367 2941 1537 2996; x_wconf 75' lang='lat' dir='ltr'>vrndidsrit.</span> 
     </span>
    </p>

    <p class='ocr_par' dir='ltr' id='par_1_39' title="bbox 1221 3043 1622 3307">
     <span class='ocr_line' id='line_1_75' title="bbox 1264 3043 1621 3116; baseline -0.011 -16"><span class='ocrx_word' id='word_1_214' title='bbox 1264 3047 1313 3100; x_wconf 87' lang='grc'>49.</span> <span class='ocrx_word' id='word_1_215' title='bbox 1337 3047 1381 3100; x_wconf 72' lang='lat' dir='ltr'>Dr</span> <span class='ocrx_word' id='word_1_216' title='bbox 1399 3065 1444 3112; x_wconf 60' lang='lat' dir='ltr'>rso,</span> <span class='ocrx_word' id='word_1_217' title='bbox 1468 3043 1516 3116; x_wconf 81' lang='lat' dir='ltr'>qui</span> <span class='ocrx_word' id='word_1_218' title='bbox 1532 3043 1621 3098; x_wconf 83' lang='lat' dir='ltr'>borni-</span> 
     </span>
     <span class='ocr_line' id='line_1_76' title="bbox 1221 3148 1622 3204; baseline -0.007 -2"><span class='ocrx_word' id='word_1_219' title='bbox 1221 3167 1286 3203; x_wconf 78' lang='lat' dir='ltr'>nvrn</span> <span class='ocrx_word' id='word_1_220' title='bbox 1321 3148 1461 3204; x_wconf 68' lang='lat' dir='ltr'>occiderit</span> <span class='ocrx_word' id='word_1_221' title='bbox 1497 3155 1525 3202; x_wconf 82' lang='lat' dir='ltr'>et</span> <span class='ocrx_word' id='word_1_222' title='bbox 1558 3165 1622 3200; x_wconf 74' lang='lat' dir='ltr'>oum</span> 
     </span>
     <span class='ocr_line' id='line_1_77' title="bbox 1221 3250 1506 3307; baseline -0.007 -1"><span class='ocrx_word' id='word_1_223' title='bbox 1221 3254 1372 3307; x_wconf 80' lang='lat' dir='ltr'>mortrrudo</span> <span class='ocrx_word' id='word_1_224' title='bbox 1395 3250 1506 3306; x_wconf 73' lang='lat' dir='ltr'>fecerit.</span> 
     </span>
    </p>

    <p class='ocr_par' dir='ltr' id='par_1_40' title="bbox 1220 3352 1619 3512">
     <span class='ocr_line' id='line_1_78' title="bbox 1262 3352 1617 3424; baseline -0.006 -14"><span class='ocrx_word' id='word_1_225' title='bbox 1262 3357 1310 3410; x_wconf 86' lang='grc'><strong>50.</strong></span> <span class='ocrx_word' id='word_1_226' title='bbox 1339 3355 1383 3410; x_wconf 73' lang='lat' dir='ltr'>lio</span> <span class='ocrx_word' id='word_1_227' title='bbox 1407 3373 1451 3422; x_wconf 52' lang='grc' dir='ltr'>(ἑο,</span> <span class='ocrx_word' id='word_1_228' title='bbox 1479 3352 1527 3424; x_wconf 84' lang='lat' dir='ltr'>qui</span> <span class='ocrx_word' id='word_1_229' title='bbox 1549 3352 1617 3408; x_wconf 83' lang='lat' dir='ltr'>libe·</span> 
     </span>
     <span class='ocr_line' id='line_1_79' title="bbox 1220 3448 1619 3512; baseline 0 -2"><span class='ocrx_word' id='word_1_230' title='bbox 1220 3477 1278 3512; x_wconf 80' lang='lat' dir='ltr'>rum</span> <span class='ocrx_word' id='word_1_231' title='bbox 1302 3459 1337 3512; x_wconf 75' lang='lat' dir='ltr'>ds·</span> <span class='ocrx_word' id='word_1_232' title='bbox 1354 3463 1431 3510; x_wconf 68' lang='lat' dir='ltr'>terra</span> <span class='ocrx_word' id='word_1_233' title='bbox 1447 3448 1619 3510; x_wconf 71' lang='lat' dir='ltr'>offodierird.</span> 
     </span>
    </p>
   </div>
   <div class='ocr_carea' id='block_1_31' title="bbox 1221 3659 1622 3822">
    <p class='ocr_par' dir='ltr' id='par_1_41' title="bbox 1221 3659 1622 3822">
     <span class='ocr_line' id='line_1_80' title="bbox 1263 3659 1622 3732; baseline -0.017 -14"><span class='ocrx_word' id='word_1_234' title='bbox 1263 3665 1312 3718; x_wconf 88' lang='grc'><strong>51.</strong></span> <span class='ocrx_word' id='word_1_235' title='bbox 1355 3662 1399 3716; x_wconf 73' lang='lat' dir='ltr'>lto</span> <span class='ocrx_word' id='word_1_236' title='bbox 1433 3661 1535 3726; x_wconf 68' lang='lat' dir='ltr'>libers,</span> <span class='ocrx_word' id='word_1_237' title='bbox 1575 3659 1622 3732; x_wconf 86' lang='lat' dir='ltr'>qui</span> 
     </span>
     <span class='ocr_line' id='line_1_81' title="bbox 1221 3763 1622 3822; baseline -0.015 -1"><span class='ocrx_word' id='word_1_238' title='bbox 1221 3767 1339 3822; x_wconf 81' lang='lat' dir='ltr'>alterius</span> <span class='ocrx_word' id='word_1_239' title='bbox 1370 3783 1486 3820; x_wconf 80' lang='lat' dir='ltr'>uxorem</span> <span class='ocrx_word' id='word_1_240' title='bbox 1515 3763 1622 3818; x_wconf 74' lang='lat' dir='ltr'>tulerit.</span> 
     </span>
    </p>
   </div>
   <div class='ocr_carea' id='block_1_32' title="bbox 1223 3967 1621 4143">
    <p class='ocr_par' dir='ltr' id='par_1_42' title="bbox 1223 3967 1621 4143">
     <span class='ocr_line' id='line_1_82' title="bbox 1265 3967 1621 4040; baseline -0.017 -14"><span class='ocrx_word' id='word_1_241' title='bbox 1265 3975 1313 4028; x_wconf 78' lang='grc'><strong>52.</strong></span> <span class='ocrx_word' id='word_1_242' title='bbox 1339 3973 1383 4026; x_wconf 82' lang='lat' dir='ltr'>De</span> <span class='ocrx_word' id='word_1_243' title='bbox 1401 3989 1445 4038; x_wconf 83' lang='lat' dir='ltr'>eo,</span> <span class='ocrx_word' id='word_1_244' title='bbox 1470 3967 1517 4040; x_wconf 86' lang='lat' dir='ltr'>qui</span> <span class='ocrx_word' id='word_1_245' title='bbox 1537 3986 1621 4040; x_wconf 83' lang='lat' dir='ltr'>spon-</span> 
     </span>
     <span class='ocr_line' id='line_1_83' title="bbox 1223 4071 1595 4143; baseline -0.013 -15"><span class='ocrx_word' id='word_1_246' title='bbox 1223 4095 1282 4130; x_wconf 80' lang='lat' dir='ltr'>sam</span> <span class='ocrx_word' id='word_1_247' title='bbox 1306 4075 1424 4130; x_wconf 74' lang='lat' dir='ltr'>rdtsrius</span> <span class='ocrx_word' id='word_1_248' title='bbox 1448 4071 1595 4143; x_wconf 74' lang='lat' dir='ltr'>acciperit.</span> 
     </span>
    </p>
   </div>
   <div class='ocr_carea' id='block_1_33' title="bbox 1223 4277 1625 4538">
    <p class='ocr_par' dir='ltr' id='par_1_43' title="bbox 1223 4277 1625 4538">
     <span class='ocr_line' id='line_1_84' title="bbox 1266 4277 1623 4348; baseline -0.008 -15"><span class='ocrx_word' id='word_1_249' title='bbox 1266 4281 1313 4334; x_wconf 84' lang='lat'>53.</span> <span class='ocrx_word' id='word_1_250' title='bbox 1337 4279 1382 4332; x_wconf 78' lang='lat' dir='ltr'>De</span> <span class='ocrx_word' id='word_1_251' title='bbox 1399 4295 1443 4344; x_wconf 80' lang='lat' dir='ltr'>so,</span> <span class='ocrx_word' id='word_1_252' title='bbox 1468 4277 1516 4348; x_wconf 87' lang='lat' dir='ltr'>qui</span> <span class='ocrx_word' id='word_1_253' title='bbox 1539 4295 1623 4348; x_wconf 82' lang='lat' dir='ltr'>spon-</span> 
     </span>
     <span class='ocr_line' id='line_1_85' title="bbox 1223 4379 1625 4436; baseline -0.005 -2"><span class='ocrx_word' id='word_1_254' title='bbox 1223 4399 1283 4434; x_wconf 77' lang='lat' dir='ltr'>sam</span> <span class='ocrx_word' id='word_1_255' title='bbox 1316 4399 1395 4436; x_wconf 79' lang='lat' dir='ltr'>suam</span> <span class='ocrx_word' id='word_1_256' title='bbox 1427 4379 1568 4434; x_wconf 77' lang='lat' dir='ltr'>dimiserit</span> <span class='ocrx_word' id='word_1_257' title='bbox 1597 4385 1625 4432; x_wconf 81' lang='lat' dir='ltr'>et</span> 
     </span>
     <span class='ocr_line' id='line_1_86' title="bbox 1223 4482 1454 4538; baseline 0.004 -1"><span class='ocrx_word' id='word_1_258' title='bbox 1223 4484 1308 4538; x_wconf 80' lang='lat' dir='ltr'>aliam</span> <span class='ocrx_word' id='word_1_259' title='bbox 1332 4482 1454 4538; x_wconf 83' lang='lat' dir='ltr'>duxerit.</span> 
     </span>
    </p>
   </div>
   <div class='ocr_carea' id='block_1_34' title="bbox 1223 4687 1624 5052">
    <p class='ocr_par' dir='ltr' id='par_1_44' title="bbox 1223 4687 1624 4966">
     <span class='ocr_line' id='line_1_87' title="bbox 1266 4687 1624 4760; baseline -0.003 -17"><span class='ocrx_word' id='word_1_260' title='bbox 1266 4687 1315 4743; x_wconf 88' lang='grc'><strong>54.</strong></span> <span class='ocrx_word' id='word_1_261' title='bbox 1338 4688 1383 4742; x_wconf 80' lang='lat' dir='ltr'>De</span> <span class='ocrx_word' id='word_1_262' title='bbox 1400 4705 1444 4755; x_wconf 79' lang='lat'>00,</span> <span class='ocrx_word' id='word_1_263' title='bbox 1469 4687 1516 4760; x_wconf 83' lang='lat' dir='ltr'>qui</span> <span class='ocrx_word' id='word_1_264' title='bbox 1536 4687 1624 4742; x_wconf 87' lang='lat' dir='ltr'>filiam</span> 
     </span>
     <span class='ocr_line' id='line_1_88' title="bbox 1223 4791 1623 4862; baseline 0.003 -17"><span class='ocrx_word' id='word_1_265' title='bbox 1223 4792 1346 4845; x_wconf 79' lang='lat' dir='ltr'>alienam</span> <span class='ocrx_word' id='word_1_266' title='bbox 1421 4791 1623 4862; x_wconf 74' lang='lat' dir='ltr'>desponsatam</span> 
     </span>
     <span class='ocr_line' id='line_1_89' title="bbox 1224 4894 1372 4966; baseline -0.007 -17"><span class='ocrx_word' id='word_1_267' title='bbox 1224 4894 1372 4966; x_wconf 72' lang='lat' dir='ltr'>acciperit.</span> 
     </span>
    </p>

    <p class='ocr_par' dir='ltr' id='par_1_45' title="bbox 1267 4999 1624 5052">
     <span class='ocr_line' id='line_1_90' title="bbox 1267 4999 1624 5052; baseline -0.006 0"><span class='ocrx_word' id='word_1_268' title='bbox 1267 5000 1315 5052; x_wconf 88' lang='grc'>55.</span> <span class='ocrx_word' id='word_1_269' title='bbox 1337 4999 1382 5052; x_wconf 84' lang='lat' dir='ltr'>De</span> <span class='ocrx_word' id='word_1_270' title='bbox 1406 5015 1493 5051; x_wconf 79' lang='lat' dir='ltr'>uxore</span> <span class='ocrx_word' id='word_1_271' title='bbox 1513 5003 1624 5051; x_wconf 86' lang='lat' dir='ltr'>mortuo</span> 
     </span>
    </p>
   </div>
   <div class='ocr_carea' id='block_1_35' title="bbox 1224 5100 1622 5156">
    <p class='ocr_par' dir='ltr' id='par_1_46' title="bbox 1224 5100 1622 5156">
     <span class='ocr_line' id='line_1_91' title="bbox 1224 5100 1622 5156; baseline -0.005 -1"><span class='ocrx_word' id='word_1_272' title='bbox 1224 5101 1326 5156; x_wconf 84' lang='lat' dir='ltr'>marito</span> <span class='ocrx_word' id='word_1_273' title='bbox 1350 5101 1411 5155; x_wconf 83' lang='lat' dir='ltr'>siue</span> <span class='ocrx_word' id='word_1_274' title='bbox 1431 5100 1496 5155; x_wconf 89' lang='lat' dir='ltr'>filiis</span> <span class='ocrx_word' id='word_1_275' title='bbox 1512 5101 1622 5155; x_wconf 77' lang='lat' dir='ltr'>relicte.</span> 
     </span>
    </p>
   </div>
   <div class='ocr_carea' id='block_1_36' title="bbox 1845 677 2306 1257">
    <p class='ocr_par' dir='ltr' id='par_1_47' title="bbox 2011 677 2090 732">
     <span class='ocr_line' id='line_1_92' title="bbox 2011 677 2090 732; baseline 0.051 -6"><span class='ocrx_word' id='word_1_276' title='bbox 2011 677 2038 732; x_wconf 79' lang='grc'><strong>6.</strong></span> <span class='ocrx_word' id='word_1_277' title='bbox 2061 679 2090 730; x_wconf 80' lang='grc'><strong>7.</strong></span> 
     </span>
    </p>

    <p class='ocr_par' dir='ltr' id='par_1_48' title="bbox 1888 763 2306 844">
     <span class='ocr_line' id='line_1_93' title="bbox 1888 763 2306 844; baseline -0.002 -16"><span class='ocrx_word' id='word_1_278' title='bbox 1888 773 1937 828; x_wconf 87' lang='grc'>45.</span> <span class='ocrx_word' id='word_1_279' title='bbox 1971 774 2017 830; x_wconf 83' lang='lat' dir='ltr'>De</span> <span class='ocrx_word' id='word_1_280' title='bbox 2049 771 2156 840; x_wconf 71' lang='lat' dir='ltr'>sartis,</span> <span class='ocrx_word' id='word_1_281' title='bbox 2192 791 2253 844; x_wconf 85' lang='lat' dir='ltr'><strong>quo·</strong></span> <span class='ocrx_word' id='word_1_282' title='bbox 2299 763 2306 820; x_wconf 81' lang='lat' dir='ltr'>i</span> 
     </span>
    </p>

    <p class='ocr_par' dir='ltr' id='par_1_49' title="bbox 1845 875 2306 1034">
     <span class='ocr_line' id='line_1_94' title="bbox 1845 875 2306 932; baseline -0.011 0"><span class='ocrx_word' id='word_1_283' title='bbox 1845 877 1931 932; x_wconf 86' lang='lat' dir='ltr'>modo</span> <span class='ocrx_word' id='word_1_284' title='bbox 1955 893 2004 932; x_wconf 81' lang='lat' dir='ltr'>ess</span> <span class='ocrx_word' id='word_1_285' title='bbox 2029 875 2252 930; x_wconf 78' lang='lat' dir='ltr'>ostenderede-</span> <span class='ocrx_word' id='word_1_286' title='bbox 2305 899 2306 906; x_wconf 63' lang='lat'>.</span> 
     </span>
     <span class='ocr_line' id='line_1_95' title="bbox 1845 980 1942 1034; baseline 0 0"><span class='ocrx_word' id='word_1_287' title='bbox 1845 980 1942 1034; x_wconf 78' lang='lat' dir='ltr'>beant.</span> 
     </span>
    </p>

    <p class='ocr_par' dir='ltr' id='par_1_50' title="bbox 1888 1081 2255 1138">
     <span class='ocr_line' id='line_1_96' title="bbox 1888 1081 2255 1138; baseline -0.005 0"><span class='ocrx_word' id='word_1_288' title='bbox 1888 1083 1937 1138; x_wconf 90' lang='grc'>46.</span> <span class='ocrx_word' id='word_1_289' title='bbox 1975 1084 2020 1138; x_wconf 82' lang='lat' dir='ltr'>De</span> <span class='ocrx_word' id='word_1_290' title='bbox 2053 1081 2255 1136; x_wconf 73' lang='lat' dir='ltr'>criminalibus</span> 
     </span>
    </p>

    <p class='ocr_par' dir='ltr' id='par_1_51' title="bbox 1849 1184 2255 1257">
     <span class='ocr_line' id='line_1_97' title="bbox 1849 1184 2255 1257; baseline -0.005 -17"><span class='ocrx_word' id='word_1_291' title='bbox 1849 1185 1951 1254; x_wconf 78' lang='lat' dir='ltr'>esuris,</span> <span class='ocrx_word' id='word_1_292' title='bbox 1982 1185 2007 1240; x_wconf 84' lang='lat' dir='ltr'>si</span> <span class='ocrx_word' id='word_1_293' title='bbox 2032 1185 2127 1240; x_wconf 69' lang='lat' dir='ltr'>alicui</span> <span class='ocrx_word' id='word_1_294' title='bbox 2158 1184 2255 1257; x_wconf 79' lang='lat' dir='ltr'>aliquis</span> 
     </span>
    </p>
   </div>
   <div class='ocr_carea' id='block_1_37' title="bbox 2302 115 2309 1153">
    <p class='ocr_par' dir='ltr' id='par_1_52' title="bbox 2302 115 2309 1153">
     <span class='ocr_line' id='line_1_98' title="bbox 2302 115 2309 1153; baseline 0 0"><span class='ocrx_word' id='word_1_295' title='bbox 2302 115 2309 1153; x_wconf 95' lang='lat' dir='ltr'> </span> 
     </span>
    </p>
   </div>
   <div class='ocr_carea' id='block_1_38' title="bbox 1847 1289 2306 1671">
    <p class='ocr_par' dir='ltr' id='par_1_53' title="bbox 1849 1289 1989 1344">
     <span class='ocr_line' id='line_1_99' title="bbox 1849 1289 1989 1344; baseline 0.014 -2"><span class='ocrx_word' id='word_1_296' title='bbox 1849 1289 1989 1344; x_wconf 71' lang='lat' dir='ltr'>iniecerit.</span> 
     </span>
    </p>

    <p class='ocr_par' dir='ltr' id='par_1_54' title="bbox 1847 1375 2306 1671">
     <span class='ocr_line' id='line_1_100' title="bbox 1889 1375 2306 1465; baseline -0.007 -17"><span class='ocrx_word' id='word_1_297' title='bbox 1889 1393 1938 1448; x_wconf 76' lang='lat'>4¹1.</span> <span class='ocrx_word' id='word_1_298' title='bbox 1979 1394 2025 1448; x_wconf 87' lang='lat' dir='ltr'>De</span> <span class='ocrx_word' id='word_1_299' title='bbox 2060 1392 2176 1462; x_wconf 78' lang='lat' dir='ltr'>causis,</span> <span class='ocrx_word' id='word_1_300' title='bbox 2215 1393 2256 1465; x_wconf 88' lang='lat' dir='ltr'>qui</span> <span class='ocrx_word' id='word_1_301' title='bbox 2302 1375 2306 1388; x_wconf 32' lang='grc' dir='ltr'><strong><em>Δ</em></strong></span> 
     </span>
     <span class='ocr_line' id='line_1_101' title="bbox 1847 1497 2255 1568; baseline -0.002 -17"><span class='ocrx_word' id='word_1_302' title='bbox 1847 1513 1916 1568; x_wconf 78' lang='lat' dir='ltr'>sepe</span> <span class='ocrx_word' id='word_1_303' title='bbox 1951 1497 2048 1551; x_wconf 72' lang='lat' dir='ltr'>solent</span> <span class='ocrx_word' id='word_1_304' title='bbox 2085 1497 2255 1568; x_wconf 71' lang='lat' dir='ltr'>contingere</span> 
     </span>
     <span class='ocr_line' id='line_1_102' title="bbox 1847 1588 2306 1671; baseline 0 -17"><span class='ocrx_word' id='word_1_305' title='bbox 1847 1599 1876 1654; x_wconf 83' lang='lat' dir='ltr'>in</span> <span class='ocrx_word' id='word_1_306' title='bbox 1900 1593 2040 1671; x_wconf 69' lang='lat' dir='ltr'>populoi.</span> <span class='ocrx_word' id='word_1_307' title='bbox 2301 1588 2306 1645; x_wconf 71' lang='grc'><strong>4</strong></span> 
     </span>
    </p>
   </div>
   <div class='ocr_carea' id='block_1_39' title="bbox 2298 1959 2303 1974">
    <p class='ocr_par' dir='ltr' id='par_1_55' title="bbox 2298 1959 2303 1974">
     <span class='ocr_line' id='line_1_103' title="bbox 2298 1959 2303 1974; baseline 0 0"><span class='ocrx_word' id='word_1_308' title='bbox 2298 1959 2303 1974; x_wconf 78' lang='lat' dir='ltr'>t</span> 
     </span>
    </p>
   </div>
   <div class='ocr_carea' id='block_1_40' title="bbox 1848 1987 2305 2476">
    <p class='ocr_par' dir='ltr' id='par_1_56' title="bbox 1848 1987 2305 2270">
     <span class='ocr_line' id='line_1_104' title="bbox 1890 1987 2305 2080; baseline 0 -18"><span class='ocrx_word' id='word_1_309' title='bbox 1890 2007 1941 2064; x_wconf 86' lang='grc'>48.</span> <span class='ocrx_word' id='word_1_310' title='bbox 1964 2009 2009 2062; x_wconf 85' lang='lat' dir='ltr'>De</span> <span class='ocrx_word' id='word_1_311' title='bbox 2034 2025 2081 2074; x_wconf 87' lang='lat' dir='ltr'>eo,</span> <span class='ocrx_word' id='word_1_312' title='bbox 2111 2009 2162 2080; x_wconf 89' lang='lat' dir='ltr'>qui</span> <span class='ocrx_word' id='word_1_313' title='bbox 2190 2007 2253 2063; x_wconf 85' lang='lat' dir='ltr'>Iibe-</span> <span class='ocrx_word' id='word_1_314' title='bbox 2296 1987 2305 2076; x_wconf 87' lang='grc' dir='ltr'>Ι</span> 
     </span>
     <span class='ocr_line' id='line_1_105' title="bbox 1848 2109 2252 2166; baseline 0 0"><span class='ocrx_word' id='word_1_315' title='bbox 1848 2129 1909 2166; x_wconf 86' lang='lat' dir='ltr'>rum</span> <span class='ocrx_word' id='word_1_316' title='bbox 1932 2109 2079 2165; x_wconf 83' lang='lat' dir='ltr'>bominem</span> <span class='ocrx_word' id='word_1_317' title='bbox 2099 2117 2185 2166; x_wconf 77' lang='lat' dir='ltr'>extra</span> <span class='ocrx_word' id='word_1_318' title='bbox 2205 2119 2252 2166; x_wconf 83' lang='lat' dir='ltr'>ter-</span> 
     </span>
     <span class='ocr_line' id='line_1_106' title="bbox 1849 2213 2161 2270; baseline 0 -2"><span class='ocrx_word' id='word_1_319' title='bbox 1849 2213 1956 2269; x_wconf 87' lang='lat' dir='ltr'>minum</span> <span class='ocrx_word' id='word_1_320' title='bbox 1979 2213 2161 2270; x_wconf 81' lang='lat' dir='ltr'>vendiderit.</span> 
     </span>
    </p>

    <p class='ocr_par' dir='ltr' id='par_1_57' title="bbox 1848 2317 2252 2476">
     <span class='ocr_line' id='line_1_107' title="bbox 1891 2317 2252 2374; baseline 0.006 -2"><span class='ocrx_word' id='word_1_321' title='bbox 1891 2317 1941 2373; x_wconf 85' lang='lat'>49.</span> <span class='ocrx_word' id='word_1_322' title='bbox 1965 2319 2009 2373; x_wconf 77' lang='lat' dir='ltr'>De</span> <span class='ocrx_word' id='word_1_323' title='bbox 2025 2319 2151 2374; x_wconf 74' lang='lat' dir='ltr'>vendita</span> <span class='ocrx_word' id='word_1_324' title='bbox 2168 2320 2252 2374; x_wconf 79' lang='lat' dir='ltr'>libert</span> 
     </span>
     <span class='ocr_line' id='line_1_108' title="bbox 1848 2420 1984 2476; baseline 0.015 -2"><span class='ocrx_word' id='word_1_325' title='bbox 1848 2420 1984 2476; x_wconf 78' lang='lat' dir='ltr'>feminas.</span> 
     </span>
    </p>
   </div>
   <div class='ocr_carea' id='block_1_41' title="bbox 1850 2626 2252 2886">
    <p class='ocr_par' dir='ltr' id='par_1_58' title="bbox 1850 2626 2252 2886">
     <span class='ocr_line' id='line_1_109' title="bbox 1892 2626 2252 2680; baseline 0 0"><span class='ocrx_word' id='word_1_326' title='bbox 1892 2627 1941 2680; x_wconf 91' lang='grc'><strong>50.</strong></span> <span class='ocrx_word' id='word_1_327' title='bbox 1964 2626 2009 2680; x_wconf 80' lang='lat' dir='ltr'>De</span> <span class='ocrx_word' id='word_1_328' title='bbox 2026 2627 2125 2680; x_wconf 78' lang='lat' dir='ltr'>liiwro</span> <span class='ocrx_word' id='word_1_329' title='bbox 2143 2627 2252 2680; x_wconf 78' lang='lat' dir='ltr'>homins</span> 
     </span>
     <span class='ocr_line' id='line_1_110' title="bbox 1850 2729 2251 2800; baseline 0.005 -20"><span class='ocrx_word' id='word_1_330' title='bbox 1850 2729 1925 2782; x_wconf 83' lang='lat' dir='ltr'>intrs</span> <span class='ocrx_word' id='word_1_331' title='bbox 1968 2729 2153 2800; x_wconf 71' lang='lat' dir='ltr'>prosius-iarn</span> <span class='ocrx_word' id='word_1_332' title='bbox 2194 2749 2251 2784; x_wconf 76' lang='lat' dir='ltr'>vrn-</span> 
     </span>
     <span class='ocr_line' id='line_1_111' title="bbox 1850 2831 1920 2886; baseline 0.043 -2"><span class='ocrx_word' id='word_1_333' title='bbox 1850 2831 1920 2886; x_wconf 90' lang='lat' dir='ltr'>dito.</span> 
     </span>
    </p>
   </div>
   <div class='ocr_carea' id='block_1_42' title="bbox 1894 3028 2306 3119">
    <p class='ocr_par' dir='ltr' id='par_1_59' title="bbox 1894 3028 2306 3119">
     <span class='ocr_line' id='line_1_112' title="bbox 1894 3028 2306 3119; baseline 0.007 -29"><span class='ocrx_word' id='word_1_334' title='bbox 1894 3039 1942 3092; x_wconf 86' lang='grc'><strong>51.</strong></span> <span class='ocrx_word' id='word_1_335' title='bbox 1966 3037 2010 3092; x_wconf 75' lang='lat' dir='ltr'>lte</span> <span class='ocrx_word' id='word_1_336' title='bbox 2029 3037 2151 3092; x_wconf 76' lang='lat' dir='ltr'>bomine</span> <span class='ocrx_word' id='word_1_337' title='bbox 2165 3039 2242 3094; x_wconf 83' lang='lat' dir='ltr'>mord</span> <span class='ocrx_word' id='word_1_338' title='bbox 2302 3028 2306 3119; x_wconf 82' lang='grc'><strong>)</strong></span> 
     </span>
    </p>
   </div>
   <div class='ocr_carea' id='block_1_43' title="bbox 1849 3140 2041 3196">
    <p class='ocr_par' dir='ltr' id='par_1_60' title="bbox 1849 3140 2041 3196">
     <span class='ocr_line' id='line_1_113' title="bbox 1849 3140 2041 3196; baseline 0.01 -2"><span class='ocrx_word' id='word_1_339' title='bbox 1849 3147 1911 3196; x_wconf 87' lang='lat' dir='ltr'>toto</span> <span class='ocrx_word' id='word_1_340' title='bbox 1934 3140 2041 3196; x_wconf 81' lang='lat' dir='ltr'>oreiso.</span> 
     </span>
    </p>
   </div>
   <div class='ocr_carea' id='block_1_44' title="bbox 1850 3340 2256 3816">
    <p class='ocr_par' dir='ltr' id='par_1_61' title="bbox 1850 3340 2255 3608">
     <span class='ocr_line' id='line_1_114' title="bbox 1893 3340 2254 3419; baseline 0.003 -17"><span class='ocrx_word' id='word_1_341' title='bbox 1893 3340 1963 3402; x_wconf 62' lang='lat'>524</span> <span class='ocrx_word' id='word_1_342' title='bbox 1986 3347 2030 3402; x_wconf 80' lang='lat' dir='ltr'>De</span> <span class='ocrx_word' id='word_1_343' title='bbox 2048 3365 2093 3414; x_wconf 73' lang='grc' dir='ltr'>ρο,</span> <span class='ocrx_word' id='word_1_344' title='bbox 2120 3347 2170 3419; x_wconf 91' lang='lat' dir='ltr'>qui</span> <span class='ocrx_word' id='word_1_345' title='bbox 2188 3347 2254 3402; x_wconf 82' lang='lat' dir='ltr'>libr-</span> 
     </span>
     <span class='ocr_line' id='line_1_115' title="bbox 1850 3449 2255 3506; baseline 0.002 -3"><span class='ocrx_word' id='word_1_346' title='bbox 1850 3469 1911 3504; x_wconf 88' lang='lat' dir='ltr'>rum</span> <span class='ocrx_word' id='word_1_347' title='bbox 1942 3449 2086 3504; x_wconf 77' lang='lat' dir='ltr'>hominvm</span> <span class='ocrx_word' id='word_1_348' title='bbox 2116 3452 2153 3504; x_wconf 82' lang='lat' dir='ltr'>de</span> <span class='ocrx_word' id='word_1_349' title='bbox 2183 3459 2255 3506; x_wconf 79' lang='lat' dir='ltr'>terrs</span> 
     </span>
     <span class='ocr_line' id='line_1_116' title="bbox 1851 3553 1992 3608; baseline 0 -2"><span class='ocrx_word' id='word_1_350' title='bbox 1851 3553 1992 3608; x_wconf 78' lang='lat' dir='ltr'>effoderit.</span> 
     </span>
    </p>

    <p class='ocr_par' dir='ltr' id='par_1_62' title="bbox 1851 3657 2256 3816">
     <span class='ocr_line' id='line_1_117' title="bbox 1893 3657 2256 3728; baseline 0.006 -18"><span class='ocrx_word' id='word_1_351' title='bbox 1893 3657 1941 3710; x_wconf 89' lang='grc'><strong>53.</strong></span> <span class='ocrx_word' id='word_1_352' title='bbox 1973 3657 2017 3710; x_wconf 73' lang='lat' dir='ltr'>De</span> <span class='ocrx_word' id='word_1_353' title='bbox 2040 3673 2085 3722; x_wconf 81' lang='lat' dir='ltr'>eo,</span> <span class='ocrx_word' id='word_1_354' title='bbox 2112 3657 2165 3728; x_wconf 86' lang='lat' dir='ltr'>qui</span> <span class='ocrx_word' id='word_1_355' title='bbox 2191 3658 2256 3712; x_wconf 77' lang='lat' dir='ltr'>altr·</span> 
     </span>
     <span class='ocr_line' id='line_1_118' title="bbox 1851 3759 2255 3816; baseline 0 -4"><span class='ocrx_word' id='word_1_356' title='bbox 1851 3759 1909 3813; x_wconf 90' lang='lat' dir='ltr'>rius</span> <span class='ocrx_word' id='word_1_357' title='bbox 1931 3777 2047 3814; x_wconf 70' lang='lat' dir='ltr'>uxortua</span> <span class='ocrx_word' id='word_1_358' title='bbox 2066 3759 2125 3814; x_wconf 84' lang='lat' dir='ltr'>sibi</span> <span class='ocrx_word' id='word_1_359' title='bbox 2149 3760 2255 3816; x_wconf 79' lang='lat' dir='ltr'>tulerit.</span> 
     </span>
    </p>
   </div>
   <div class='ocr_carea' id='block_1_45' title="bbox 2303 3170 2309 4018">
    <p class='ocr_par' dir='ltr' id='par_1_63' title="bbox 2303 3170 2309 4018">
     <span class='ocr_line' id='line_1_119' title="bbox 2303 3170 2309 4018; baseline 0 0"><span class='ocrx_word' id='word_1_360' title='bbox 2303 3170 2309 4018; x_wconf 95' lang='lat' dir='ltr'> </span> 
     </span>
    </p>
   </div>
   <div class='ocr_carea' id='block_1_46' title="bbox 1850 3963 2305 4124">
    <p class='ocr_par' dir='ltr' id='par_1_64' title="bbox 1850 3963 2305 4124">
     <span class='ocr_line' id='line_1_120' title="bbox 1893 3963 2305 4037; baseline 0.007 -19"><span class='ocrx_word' id='word_1_361' title='bbox 1893 3963 1941 4018; x_wconf 84' lang='grc'>54.</span> <span class='ocrx_word' id='word_1_362' title='bbox 1965 3964 2073 4032; x_wconf 79' lang='lat' dir='ltr'>Deos,</span> <span class='ocrx_word' id='word_1_363' title='bbox 2097 3965 2149 4035; x_wconf 82' lang='lat' dir='ltr'>qui</span> <span class='ocrx_word' id='word_1_364' title='bbox 2173 3984 2257 4037; x_wconf 88' lang='lat' dir='ltr'><strong>spon·</strong></span> <span class='ocrx_word' id='word_1_365' title='bbox 2304 4031 2305 4036; x_wconf 7' lang='grc' dir='ltr'>ἵ</span> 
     </span>
     <span class='ocr_line' id='line_1_121' title="bbox 1850 4037 2305 4124; baseline 0.011 -4"><span class='ocrx_word' id='word_1_366' title='bbox 1850 4075 1940 4120; x_wconf 79' lang='lat' dir='ltr'>satam</span> <span class='ocrx_word' id='word_1_367' title='bbox 1976 4065 2095 4122; x_wconf 67' lang='lat' dir='ltr'>altorius</span> <span class='ocrx_word' id='word_1_368' title='bbox 2124 4062 2257 4124; x_wconf 67' lang='lat' dir='ltr'>tuleriti.</span> <span class='ocrx_word' id='word_1_369' title='bbox 2304 4037 2305 4104; x_wconf 69' lang='lat' dir='ltr'>i</span> 
     </span>
    </p>
   </div>
   <div class='ocr_carea' id='block_1_47' title="bbox 1852 4265 2262 5256">
    <p class='ocr_par' dir='ltr' id='par_1_65' title="bbox 1852 4265 2260 4634">
     <span class='ocr_line' id='line_1_122' title="bbox 1894 4265 2258 4342; baseline 0.008 -16"><span class='ocrx_word' id='word_1_370' title='bbox 1894 4271 1941 4326; x_wconf 92' lang='grc'><strong>55.</strong></span> <span class='ocrx_word' id='word_1_371' title='bbox 1977 4265 2071 4342; x_wconf 65' lang='grc'><strong>(564).</strong></span> <span class='ocrx_word' id='word_1_372' title='bbox 2127 4275 2174 4328; x_wconf 84' lang='lat' dir='ltr'>De</span> <span class='ocrx_word' id='word_1_373' title='bbox 2216 4293 2258 4340; x_wconf 73' lang='lat'>00,</span> 
     </span>
     <span class='ocr_line' id='line_1_123' title="bbox 1852 4374 2259 4446; baseline 0.01 -20"><span class='ocrx_word' id='word_1_374' title='bbox 1852 4374 1900 4445; x_wconf 83' lang='lat' dir='ltr'>qui</span> <span class='ocrx_word' id='word_1_375' title='bbox 1939 4375 2139 4446; x_wconf 79' lang='lat' dir='ltr'>dispousstsrn</span> <span class='ocrx_word' id='word_1_376' title='bbox 2180 4395 2259 4432; x_wconf 83' lang='lat' dir='ltr'>suam</span> 
     </span>
     <span class='ocr_line' id='line_1_124' title="bbox 1853 4477 2260 4536; baseline 0.015 -6"><span class='ocrx_word' id='word_1_377' title='bbox 1853 4477 1993 4532; x_wconf 81' lang='lat' dir='ltr'>dirnisorit</span> <span class='ocrx_word' id='word_1_378' title='bbox 2015 4483 2044 4532; x_wconf 80' lang='lat' dir='ltr'>ot</span> <span class='ocrx_word' id='word_1_379' title='bbox 2060 4477 2148 4532; x_wconf 77' lang='lat' dir='ltr'>sliam</span> <span class='ocrx_word' id='word_1_380' title='bbox 2172 4481 2260 4536; x_wconf 78' lang='lat' dir='ltr'>duxe-</span> 
     </span>
     <span class='ocr_line' id='line_1_125' title="bbox 1852 4580 1898 4634; baseline 0 0"><span class='ocrx_word' id='word_1_381' title='bbox 1852 4580 1898 4634; x_wconf 89' lang='lat' dir='ltr'>rit.</span> 
     </span>
    </p>

    <p class='ocr_par' dir='ltr' id='par_1_66' title="bbox 1852 4683 2261 4942">
     <span class='ocr_line' id='line_1_126' title="bbox 1896 4683 2261 4756; baseline 0.003 -18"><span class='ocrx_word' id='word_1_382' title='bbox 1896 4683 1945 4738; x_wconf 88' lang='grc'><strong>56.</strong></span> <span class='ocrx_word' id='word_1_383' title='bbox 1969 4683 2040 4754; x_wconf 83' lang='grc'><strong>(57).</strong></span> <span class='ocrx_word' id='word_1_384' title='bbox 2069 4683 2114 4738; x_wconf 81' lang='lat' dir='ltr'>De</span> <span class='ocrx_word' id='word_1_385' title='bbox 2140 4701 2188 4752; x_wconf 79' lang='lat'>00,</span> <span class='ocrx_word' id='word_1_386' title='bbox 2215 4684 2261 4756; x_wconf 89' lang='lat' dir='ltr'>qni</span> 
     </span>
     <span class='ocr_line' id='line_1_127' title="bbox 1852 4785 2261 4860; baseline 0.015 -21"><span class='ocrx_word' id='word_1_387' title='bbox 1852 4785 1939 4840; x_wconf 83' lang='lat' dir='ltr'>tiliam</span> <span class='ocrx_word' id='word_1_388' title='bbox 1967 4785 2065 4840; x_wconf 74' lang='lat' dir='ltr'>altr-ris</span> <span class='ocrx_word' id='word_1_389' title='bbox 2087 4803 2148 4840; x_wconf 87' lang='lat' dir='ltr'>non</span> <span class='ocrx_word' id='word_1_390' title='bbox 2174 4807 2261 4860; x_wconf 84' lang='lat' dir='ltr'>spon·</span> 
     </span>
     <span class='ocr_line' id='line_1_128' title="bbox 1854 4887 2075 4942; baseline 0 0"><span class='ocrx_word' id='word_1_391' title='bbox 1854 4897 1945 4942; x_wconf 72' lang='lat' dir='ltr'>saturn</span> <span class='ocrx_word' id='word_1_392' title='bbox 1968 4887 2075 4942; x_wconf 82' lang='lat' dir='ltr'>tulerit.</span> 
     </span>
    </p>

    <p class='ocr_par' dir='ltr' id='par_1_67' title="bbox 1852 4991 2262 5256">
     <span class='ocr_line' id='line_1_129' title="bbox 1897 4991 2262 5066; baseline 0 -19"><span class='ocrx_word' id='word_1_393' title='bbox 1897 4993 1945 5048; x_wconf 75' lang='lat'>57.</span> <span class='ocrx_word' id='word_1_394' title='bbox 1969 4993 2041 5060; x_wconf 55' lang='grc'><strong>(58).</strong></span> <span class='ocrx_word' id='word_1_395' title='bbox 2069 4991 2115 5046; x_wconf 81' lang='lat' dir='ltr'>De</span> <span class='ocrx_word' id='word_1_396' title='bbox 2141 5011 2189 5059; x_wconf 77' lang='lat'>00,</span> <span class='ocrx_word' id='word_1_397' title='bbox 2216 4995 2262 5066; x_wconf 88' lang='lat' dir='ltr'>qui</span> 
     </span>
     <span class='ocr_line' id='line_1_130' title="bbox 1853 5093 2262 5154; baseline 0.01 -6"><span class='ocrx_word' id='word_1_398' title='bbox 1853 5095 1914 5149; x_wconf 82' lang='lat' dir='ltr'>sinc</span> <span class='ocrx_word' id='word_1_399' title='bbox 1943 5093 2100 5150; x_wconf 73' lang='lat' dir='ltr'>heredibus</span> <span class='ocrx_word' id='word_1_400' title='bbox 2129 5104 2262 5154; x_wconf 85' lang='lat' dir='ltr'>mortuus</span> 
     </span>
     <span class='ocr_line' id='line_1_131' title="bbox 1852 5197 2192 5256; baseline 0.012 -4"><span class='ocrx_word' id='word_1_401' title='bbox 1852 5198 1939 5254; x_wconf 83' lang='lat' dir='ltr'>fuerit</span> <span class='ocrx_word' id='word_1_402' title='bbox 1961 5197 2064 5252; x_wconf 83' lang='lat' dir='ltr'>relicta</span> <span class='ocrx_word' id='word_1_403' title='bbox 2086 5215 2192 5256; x_wconf 80' lang='lat' dir='ltr'>uxore.</span> 
     </span>
    </p>
   </div>
   <div class='ocr_carea' id='block_1_48' title="bbox 246 5417 2264 5582">
    <p class='ocr_par' dir='ltr' id='par_1_68' title="bbox 246 5417 2264 5582">
     <span class='ocr_line' id='line_1_132' title="bbox 357 5417 2263 5490; baseline 0.004 -20"><span class='ocrx_word' id='word_1_404' title='bbox 357 5419 384 5482; x_wconf 80' lang='lat' dir='ltr'>a)</span> <span class='ocrx_word' id='word_1_405' title='bbox 404 5422 446 5472; x_wconf 85' lang='lat' dir='ltr'>De</span> <span class='ocrx_word' id='word_1_406' title='bbox 464 5421 514 5484; x_wconf 86' lang='lat' dir='ltr'>his,</span> <span class='ocrx_word' id='word_1_407' title='bbox 534 5423 578 5487; x_wconf 86' lang='lat' dir='ltr'>qni</span> <span class='ocrx_word' id='word_1_408' title='bbox 598 5437 696 5486; x_wconf 79' lang='lat' dir='ltr'>saepae</span> <span class='ocrx_word' id='word_1_409' title='bbox 715 5421 805 5471; x_wconf 88' lang='lat' dir='ltr'>solunt</span> <span class='ocrx_word' id='word_1_410' title='bbox 823 5424 977 5488; x_wconf 80' lang='lat' dir='ltr'>contingere</span> <span class='ocrx_word' id='word_1_411' title='bbox 996 5423 1023 5472; x_wconf 88' lang='lat' dir='ltr'>in</span> <span class='ocrx_word' id='word_1_412' title='bbox 1043 5424 1141 5489; x_wconf 80' lang='lat' dir='ltr'>populo</span> <span class='ocrx_word' id='word_1_413' title='bbox 1161 5425 1269 5474; x_wconf 78' lang='lat' dir='ltr'>rubrica</span> <span class='ocrx_word' id='word_1_414' title='bbox 1289 5424 1316 5474; x_wconf 72' lang='lat' dir='ltr'>irs</span> <span class='ocrx_word' id='word_1_415' title='bbox 1337 5433 1417 5476; x_wconf 72' lang='lat' dir='ltr'>testu.</span> <span class='ocrx_word' id='word_1_416' title='bbox 1499 5426 1527 5488; x_wconf 76' lang='lat' dir='ltr'>b)</span> <span class='ocrx_word' id='word_1_417' title='bbox 1548 5425 1590 5490; x_wconf 85' lang='lat' dir='ltr'>qui</span> <span class='ocrx_word' id='word_1_418' title='bbox 1611 5425 1635 5472; x_wconf 89' lang='lat'>4.</span> <span class='ocrx_word' id='word_1_419' title='bbox 1718 5425 1744 5486; x_wconf 81' lang='lat' dir='ltr'>c)</span> <span class='ocrx_word' id='word_1_420' title='bbox 1765 5437 1854 5470; x_wconf 77' lang='lat' dir='ltr'>marca</span> <span class='ocrx_word' id='word_1_421' title='bbox 1873 5417 1911 5472; x_wconf 84' lang='lat'>4&#39;.</span> <span class='ocrx_word' id='word_1_422' title='bbox 1991 5420 2020 5482; x_wconf 79' lang='lat' dir='ltr'>d)</span> <span class='ocrx_word' id='word_1_423' title='bbox 2046 5419 2117 5472; x_wconf 78' lang='lat' dir='ltr'>deese</span> <span class='ocrx_word' id='word_1_424' title='bbox 2139 5423 2169 5474; x_wconf 85' lang='lat' dir='ltr'>irr</span> <span class='ocrx_word' id='word_1_425' title='bbox 2191 5433 2263 5478; x_wconf 73' lang='lat' dir='ltr'>textu</span> 
     </span>
     <span class='ocr_line' id='line_1_133' title="bbox 246 5511 2264 5582; baseline 0.001 -22"><span class='ocrx_word' id='word_1_426' title='bbox 246 5511 363 5564; x_wconf 80' lang='lat' dir='ltr'>rubrica.</span> <span class='ocrx_word' id='word_1_427' title='bbox 454 5513 480 5578; x_wconf 84' lang='lat' dir='ltr'>e)</span> <span class='ocrx_word' id='word_1_428' title='bbox 500 5512 538 5564; x_wconf 82' lang='lat' dir='ltr'>ita</span> <span class='ocrx_word' id='word_1_429' title='bbox 552 5530 603 5578; x_wconf 80' lang='lat' dir='ltr'>per</span> <span class='ocrx_word' id='word_1_430' title='bbox 624 5529 738 5564; x_wconf 84' lang='lat' dir='ltr'>errorem</span> <span class='ocrx_word' id='word_1_431' title='bbox 757 5531 793 5570; x_wconf 82' lang='lat' dir='ltr'>c.,·</span> <span class='ocrx_word' id='word_1_432' title='bbox 818 5529 949 5576; x_wconf 74' lang='lat' dir='ltr'>numeror,</span> <span class='ocrx_word' id='word_1_433' title='bbox 974 5523 1002 5564; x_wconf 77' lang='lat' dir='ltr'>ut</span> <span class='ocrx_word' id='word_1_434' title='bbox 1021 5516 1049 5564; x_wconf 77' lang='lat' dir='ltr'>irs</span> <span class='ocrx_word' id='word_1_435' title='bbox 1069 5517 1156 5566; x_wconf 82' lang='lat' dir='ltr'>codice</span> <span class='ocrx_word' id='word_1_436' title='bbox 1175 5516 1266 5581; x_wconf 72' lang='lat' dir='ltr'>scripti</span> <span class='ocrx_word' id='word_1_437' title='bbox 1285 5522 1355 5580; x_wconf 79' lang='lat' dir='ltr'>runt,</span> <span class='ocrx_word' id='word_1_438' title='bbox 1376 5517 1556 5582; x_wconf 77' lang='lat' dir='ltr'>proponimus.</span> <span class='ocrx_word' id='word_1_439' title='bbox 1647 5514 1668 5578; x_wconf 79' lang='lat' dir='ltr'>s)</span> <span class='ocrx_word' id='word_1_440' title='bbox 1688 5515 1728 5563; x_wconf 80' lang='lat' dir='ltr'>De</span> <span class='ocrx_word' id='word_1_441' title='bbox 1748 5529 1770 5563; x_wconf 87' lang='lat' dir='ltr'>c.</span> <span class='ocrx_word' id='word_1_442' title='bbox 1792 5529 1842 5578; x_wconf 81' lang='lat' dir='ltr'>que</span> <span class='ocrx_word' id='word_1_443' title='bbox 1862 5531 1882 5562; x_wconf 85' lang='lat' dir='ltr'>s.</span> <span class='ocrx_word' id='word_1_444' title='bbox 1903 5529 1924 5562; x_wconf 87' lang='lat' dir='ltr'>s.</span> <span class='ocrx_word' id='word_1_445' title='bbox 1945 5515 2082 5563; x_wconf 70' lang='lat' dir='ltr'>continere</span> <span class='ocrx_word' id='word_1_446' title='bbox 2102 5515 2219 5568; x_wconf 76' lang='lat' dir='ltr'>rubrica</span> <span class='ocrx_word' id='word_1_447' title='bbox 2240 5519 2264 5569; x_wconf 72' lang='grc' dir='ltr'>ὶῃ</span> 
     </span>
    </p>
   </div>
   <div class='ocr_carea' id='block_1_49' title="bbox 247 5605 1427 5673">
    <p class='ocr_par' dir='ltr' id='par_1_69' title="bbox 247 5605 1427 5673">
     <span class='ocr_line' id='line_1_134' title="bbox 247 5605 1427 5673; baseline 0.004 -19"><span class='ocrx_word' id='word_1_448' title='bbox 247 5611 327 5658; x_wconf 72' lang='lat' dir='ltr'>textu.</span> <span class='ocrx_word' id='word_1_449' title='bbox 402 5605 431 5672; x_wconf 74' lang='lat' dir='ltr'>gi</span> <span class='ocrx_word' id='word_1_450' title='bbox 450 5607 491 5656; x_wconf 90' lang='lat' dir='ltr'>De</span> <span class='ocrx_word' id='word_1_451' title='bbox 511 5606 616 5656; x_wconf 78' lang='lat' dir='ltr'>seminis</span> <span class='ocrx_word' id='word_1_452' title='bbox 636 5605 761 5670; x_wconf 74' lang='lat' dir='ltr'>(seomnis</span> <span class='ocrx_word' id='word_1_453' title='bbox 776 5605 805 5671; x_wconf 88' lang='grc'>6)</span> <span class='ocrx_word' id='word_1_454' title='bbox 829 5612 917 5657; x_wconf 82' lang='lat' dir='ltr'>autem</span> <span class='ocrx_word' id='word_1_455' title='bbox 937 5607 996 5673; x_wconf 83' lang='lat' dir='ltr'>(aut</span> <span class='ocrx_word' id='word_1_456' title='bbox 1016 5605 1045 5672; x_wconf 77' lang='lat' dir='ltr'>G)</span> <span class='ocrx_word' id='word_1_457' title='bbox 1065 5608 1154 5660; x_wconf 76' lang='lat' dir='ltr'>liboris</span> <span class='ocrx_word' id='word_1_458' title='bbox 1173 5610 1282 5660; x_wconf 78' lang='lat' dir='ltr'>rubrica</span> <span class='ocrx_word' id='word_1_459' title='bbox 1299 5607 1326 5658; x_wconf 78' lang='lat' dir='ltr'>in</span> <span class='ocrx_word' id='word_1_460' title='bbox 1347 5617 1427 5660; x_wconf 73' lang='lat' dir='ltr'>textu.</span> 
     </span>
    </p>
   </div>
   <div class='ocr_carea' id='block_1_50' title="bbox 248 5695 832 5763">
    <p class='ocr_par' dir='ltr' id='par_1_70' title="bbox 248 5695 832 5763">
     <span class='ocr_line' id='line_1_135' title="bbox 248 5695 832 5763; baseline 0.005 -16"><span class='ocrx_word' id='word_1_461' title='bbox 248 5697 275 5748; x_wconf 78' lang='lat' dir='ltr'>in</span> <span class='ocrx_word' id='word_1_462' title='bbox 295 5699 362 5748; x_wconf 77' lang='lat' dir='ltr'>duos</span> <span class='ocrx_word' id='word_1_463' title='bbox 381 5697 519 5749; x_wconf 79' lang='lat' dir='ltr'>dividitur.</span> <span class='ocrx_word' id='word_1_464' title='bbox 593 5697 623 5763; x_wconf 84' lang='lat' dir='ltr'>k)</span> <span class='ocrx_word' id='word_1_465' title='bbox 646 5699 707 5750; x_wconf 92' lang='lat' dir='ltr'>LVI</span> <span class='ocrx_word' id='word_1_466' title='bbox 727 5707 772 5750; x_wconf 79' lang='lat' dir='ltr'>etc.</span> <span class='ocrx_word' id='word_1_467' title='bbox 794 5695 832 5750; x_wconf 71' lang='grc' dir='ltr'>θ’.</span> 
     </span>
    </p>
   </div>
   <div class='ocr_carea' id='block_1_51' title="bbox 1503 5602 2265 5672">
    <p class='ocr_par' dir='ltr' id='par_1_71' title="bbox 1503 5602 2265 5672">
     <span class='ocr_line' id='line_1_136' title="bbox 1503 5602 2265 5672; baseline 0.005 -14"><span class='ocrx_word' id='word_1_468' title='bbox 1503 5609 1533 5672; x_wconf 90' lang='lat' dir='ltr'>h)</span> <span class='ocrx_word' id='word_1_469' title='bbox 1553 5607 1618 5658; x_wconf 86' lang='lat' dir='ltr'>LIII</span> <span class='ocrx_word' id='word_1_470' title='bbox 1640 5614 1684 5657; x_wconf 82' lang='lat' dir='ltr'>stc.</span> <span class='ocrx_word' id='word_1_471' title='bbox 1706 5602 1745 5655; x_wconf 68' lang='lat'>7⁹.</span> <span class='ocrx_word' id='word_1_472' title='bbox 1814 5607 1834 5668; x_wconf 83' lang='grc' dir='ltr'>ἰ)</span> <span class='ocrx_word' id='word_1_473' title='bbox 1855 5604 1882 5653; x_wconf 81' lang='lat' dir='ltr'>iu</span> <span class='ocrx_word' id='word_1_474' title='bbox 1903 5613 1974 5654; x_wconf 68' lang='lat' dir='ltr'>tortu</span> <span class='ocrx_word' id='word_1_475' title='bbox 1994 5605 2051 5656; x_wconf 81' lang='lat' dir='ltr'>cod.</span> <span class='ocrx_word' id='word_1_476' title='bbox 2069 5605 2085 5653; x_wconf 82' lang='lat' dir='ltr'>b</span> <span class='ocrx_word' id='word_1_477' title='bbox 2106 5605 2151 5658; x_wconf 81' lang='lat' dir='ltr'>bic</span> <span class='ocrx_word' id='word_1_478' title='bbox 2171 5611 2265 5662; x_wconf 76' lang='lat' dir='ltr'>titulus</span> 
     </span>
    </p>
   </div>
   <div class='ocr_carea' id='block_1_52' title="bbox 0 0 2321 6404">
    <p class='ocr_par' dir='ltr' id='par_1_72' title="bbox 0 0 2321 6404">
     <span class='ocr_line' id='line_1_137' title="bbox 0 0 2321 6404; baseline 0 0"><span class='ocrx_word' id='word_1_479' title='bbox 0 0 2321 6404; x_wconf 95' lang='lat' dir='ltr'> </span> 
     </span>
    </p>
   </div>
  </div>
 </body>
</html>
