4598 6436
621 468 702 526 LEX
724 466 1040 526 BAIWARIORUM.
1064 497 1108 505 -
1130 468 1378 528 PRAEFATIO.
1766 469 1828 527 193

174 657 269 738 qua'm
291 656 465 722 nonnullas
486 655 638 722 omisisse.
680 656 793 722 Nolim
814 655 917 739 iqitur
938 655 1021 722 milri
1043 655 1209 734 irascaris,
1233 658 1265 722 si
1282 658 1363 724 mil-i
1378 657 1562 739 affirmanti
1577 659 1661 723 buno
1676 660 1722 724 ael
1737 659 1830 724 illum

173 765 270 828 loram
301 785 317 828 e
347 763 469 847 leqibus
496 763 722 829 vetustioribus
751 785 816 829 esse
841 763 1021 848 profestum
1050 783 1116 828 uon
1146 763 1352 830 adsentiaris.
1404 766 1448 829 In
1478 765 1681 845 conferendis
1709 766 1831 848 leqibus

171 869 414 936 Baiouariormm
449 877 479 936 et
512 870 770 936 Alamannorum
803 891 896 954 saepe
926 875 1044 936 mutum
1073 869 1153 952 leqis
1185 870 1444 937 Alamannorum-
1473 891 1563 953 quem
1593 871 1636 937 K.
1661 872 1829 938 Lehmann

171 977 274 1059 primo
298 977 363 1042 loeo
387 983 550 1060 posuerat,
580 977 672 1059 sequi
693 997 757 1042 non
780 977 883 1060 potui,
917 976 995 1059 quia
1025 975 1112 1042 aliae
1143 977 1289 1043 leationes
1317 977 1400 1044 mibi
1429 978 1574 1044 meliores
1595 978 1643 1043 ael
1665 979 1727 1060 leqi
1749 978 1829 1044 Bai

138 1114 149 1152 s
175 1082 348 1148 ruariorum
370 1083 544 1150 similiores
565 1105 630 1149 esse
652 1082 852 1148 uidebantur.

280 1190 394 1255 Restat
427 1196 462 1254 at
493 1190 621 1273 qratias
655 1211 750 1273 aqam
783 1211 879 1273 quam
913 1188 1073 1255 maximas
1104 1211 1174 1254 oum
1201 1190 1344 1258 Henrioa
1367 1191 1525 1257 Brnnner
1552 1190 1621 1256 viro
1650 1192 1829 1256 doctissimo

173 1297 334 1379 leqnmque
361 1296 598 1362 Germanarum
620 1296 821 1379 peritissimo
851 1296 906 1378 qni
929 1297 968 1362 ab
991 1295 1049 1362 boa
1074 1317 1166 1380 opere
1189 1319 1287 1379 usque
1310 1299 1354 1364 ad
1376 1297 1460 1364 oilae
1488 1319 1565 1363 suae
1594 1296 1712 1362 exitum
1741 1297 1829 1362 harod

173 1424 313 1484 uuquam
343 1403 471 1469 alienas
499 1403 565 1483 fuit
594 1409 625 1468 et
647 1402 795 1487 priorem
818 1409 945 1485 param
975 1401 1127 1484 (quatuor
1155 1403 1254 1484 folia)
1285 1403 1382 1470 baius
1412 1405 1562 1470 editionis
1590 1411 1620 1469 et
1650 1404 1774 1498 uiderat
1800 1411 1830 1470 et

173 1511 438 1592 aomqnobaoerat,
470 1517 536 1575 tam
566 1509 678 1576 Oarolo
702 1511 740 1575 de
763 1508 897 1588 Amisa,
921 1509 1059 1592 Joseplro
1085 1511 1265 1592 Seemr'iller,
1287 1512 1443 1593 -Rudolfa
1461 1513 1577 1593 Musti,
1610 1510 1770 1578 Dieterioo
1793 1511 1830 1576 do

128 1649 152 1685 ιο
173 1617 314 1696 Krolils,
343 1615 457 1683 Uarolo
479 1617 590 1684 Wotle
613 1616 726 1683 amisis
748 1615 929 1682 carissimis
951 1637 1081 1697 quorum
1106 1618 1250 1698 consilia,
1277 1620 1550 1712 quotienscumque
1573 1640 1624 1684 eos
1646 1618 1727 1716 adii,
1751 1617 1831 1682 milri

173 1745 345 1804 rirrnrquam
368 1724 505 1804 defuere,
539 1745 659 1790 noanon
682 1723 799 1789 Mario
823 1723 1007 1804 Krammer‚
1039 1722 1261 1804 Berolinensi,
1293 1726 1351 1808 qni
1381 1747 1463 1791 rara
1492 1733 1521 1790 et
1549 1715 1736 1791 admirabili
1762 1745 1830 1789 nim

176 1851 254 1895 eura
277 1852 315 1896 aa
334 1831 503 1914 diliqenlia
525 1854 573 1898 me
596 1831 635 1897 in
653 1829 851 1914 aorriqendis
867 1830 1015 1913 plaqnlis
1038 1852 1133 1912 qnam
1157 1831 1401 1914 eiqilantissime
1423 1832 1559 1897 adiurit.
1606 1832 1710 1897 Grato
1732 1831 1830 1896 etiam

172 1936 281 2001 animo
305 1938 440 2004 Victoris
461 1940 588 2005 Melaer
610 1938 666 2021 qui
688 1938 807 2004 dudum
829 1937 896 2003 iam
921 1937 1007 2014 obiit,
1031 1944 1060 2002 et
1083 1938 1221 2022 Josepbi
1243 1939 1396 2005 Buolmer
1423 1959 1501 2020 quos
1530 1937 1628 2003 socios
1650 1938 1755 2022 operis
1777 1937 1831 2001 ad-

171 2043 302 2127 sumpsi,
331 2067 453 2130 semper
475 2066 594 2112 memor
620 2066 680 2126 ero,
708 2046 791 2127 quod
812 2064 861 2110 me
882 2044 920 2108 in
942 2043 999 2110 boa
1025 2044 1107 2109 libro
1131 2046 1326 2125 oonfioiendo
1349 2045 1437 2110 omni
1458 2047 1549 2110 inodo
1571 2044 1728 2110 adinrare
1751 2064 1829 2110 nnn

128 2182 151 2220 1⁵
171 2173 267 2233 qnam
289 2152 510 2219 destituerunt.

283 2261 480 2342 Quamquam
502 2261 637 2326 maltum
661 2265 781 2342 tempus
809 2257 847 2322 in
870 2257 930 2322 baa
952 2256 1092 2322 editione
1115 2261 1307 2324 adornanda
1332 2258 1512 2342 consumpsi
1534 2279 1632 2340 neque
1655 2258 1831 2340 quidquam

165 2366 423 2449 praetermisisse
457 2366 648 2432 crediderim
676 2367 760 2449 quod
792 2385 831 2430 en
852 2385 914 2428 usu
944 2363 1114 2445 leqentium
1143 2387 1208 2431 esse
1231 2366 1405 2446 videbatur,
1440 2371 1545 2431 tamen
1569 2385 1633 2429 non
1654 2366 1831 2443 adfirmare

42 2526 44 2531 .
169 2473 275 2537 ausim
304 2495 373 2538 eam
396 2495 436 2538 eoa
458 2474 546 2539 omni
571 2480 667 2558 parte
691 2472 868 2557 persuasam
898 2475 927 2535 et
956 2470 1124 2537 amoribus
1147 2494 1278 2538 rao-imm
1303 2493 1377 2552 esse,
1405 2470 1682 2553 nequemesnqit
1705 2469 1832 2535 oriris

172 2579 270 2643 doctis
299 2579 355 2661 qni
378 2580 625 2663 perscrutandis
651 2579 704 2644 his
735 2578 855 2662 leqibus
877 2600 1006 2662 operam
1035 2579 1206 2660 navabant,
1238 2601 1299 2644 nou
1324 2599 1429 2644 omnes
1450 2577 1625 2644 sententias
1647 2599 1668 2641 a
1691 2599 1739 2642 nro
1755 2597 1830 2661 pro-

127 2711 153 2749 so
171 2686 258 2750 latas
274 2688 446 2770 probatum
467 2686 523 2752 iri.

278 2793 432 2859 Attamen
463 2829 504 2837 -—
528 2792 634 2859 nimia
661 2799 756 2874 parte
778 2793 865 2860 ritae
894 2816 981 2861 meae
1012 2795 1049 2858 in
1072 2793 1266 2873 conficiendo
1290 2793 1346 2858 boo
1371 2793 1452 2858 libro
1476 2797 1660 2873 consumpta
1683 2827 1726 2834 -
1749 2789 1830 2854 milti

171 2919 301 2982 spmare
331 2900 426 2966 lioeat
453 2922 502 2966 me
531 2921 595 2966 non
624 2901 724 2966 oleum
754 2920 941 2984 operamque
965 2900 1157 2985 perdidisse,
1188 2903 1244 2966 sed
1273 2899 1443 2965 editionem
1467 2919 1568 2964 meam
1590 2918 1654 2963 non
1683 2897 1830 2962 inutilem

171 3007 240 3086 fore
265 3007 417 3088 manibus,
449 3007 563 3089 quibus
586 3009 668 3090 leqes
689 3007 872 3072 vetustiores
895 3007 1102 3092 adplicandae
1125 3013 1229 3086 errent,
1262 3026 1453 3089 quorumque
1475 3005 1594 3070 studiis
1615 3025 1654 3069 aa
1676 3005 1831 3070 commodo

172 3113 226 3177 boo
249 3105 326 3196 opus
348 3114 436 3180 baud
451 3115 553 3197 parvi
576 3115 698 3180 laboris
720 3113 897 3179 dedicatum
920 3114 1171 3196 destinatumque
1193 3134 1258 3178 esse
1281 3113 1353 3178 voto.

126 3271 152 3309 2⁵
286 3255 522 3321 Vindoban
537 3278 602 3334 ae,
634 3251 797 3322 Kalendis
825 3257 1008 3322 Octobribus
1031 3255 1185 3323 MCMX
1193 3256 1229 3319 V.

1477 3340 1574 3408 SOH
1578 3341 1621 3407 W
1619 3340 1720 3406 IND.
