4546 6436
413 499 418 512 .
478 461 542 520 308
1098 457 1179 515 LEX
1203 455 1517 514 BAlWARIORUM.
2017 458 2058 527 11,
2087 457 2136 515 14.

299 666 460 768 Epi-155⁶&
587 650 631 714 nc
654 670 772 714 omnes
794 649 896 713 liberi
920 649 1127 712 conveniant
1151 646 1350 711 constitutis
1374 645 1505 724 diebus,
1531 645 1590 710 ubi
1614 645 1741 711 iudex¹
1763 647 1988 712 ordinaverit.

324 774 359 866 {¹3
364 774 437 866 2122,
586 793 631 856 Et
662 821 743 858 nemo
773 792 819 856 sie
853 811 956 855 ausus
991 805 1176 857 contemnere
1206 801 1319 855 venire¹
1347 800 1382 854 ad
1409 800 1542 869 placitum
1576 789 1636 871 qui
1670 788 1762 852 intra
1797 789 1897 854 illam
1931 790 2137 855 comitatum

308 879 450 929 mm
479 905 630 978 manent,
655 901 725 965 sive
748 900 838 982 regis
861 926 953 964 vassus
978 898 1049 962 sive
1073 909 1158 976 ducis,
1188 916 1305 960 omnes
1328 907 1364 961 ed
1388 908 1519 976 placitum
1543 895 1684 960 veniant
1707 899 1742 960 et
1773 897 1832 980 qui
1858 908 2013 978 neglexerit
2036 910 2139 976 venire,

479 1009 661 1072 damnetur
685 1004 775 1070 XV*
798 1017 886 1074 uolu⁸¹

587 1150 708 1215 Comes
732 1169 811 1214 vero
835 1169 951 1213 aecum
975 1147 1103 1212 habeat
1125 1147 1275 1210 iudicem
1299 1146 1359 1229 qui
1383 1146 1432 1210 ibi
1456 1145 1665 1209 constitutas
1689 1148 1742 1210 eet
1764 1146 1928 1222 iudicare,
1953 1149 1989 1210 et
2008 1145 2137 1210 libram
2162 1167 2175 1205 c

479 1255 576 1341 legis,
601 1260 642 1320 ut
665 1277 798 1340 semper
821 1260 952 1320 rectum
978 1255 1143 1318 iudicium
1168 1253 1335 1318 iudicent.
1376 1252 1428 1318 De
1452 1253 1547 1316 omni
1570 1272 1672 1316 cauea
1691 1273 1778 1336 quae
1798 1255 2025 1336 conponenda
2044 1258 2137 1326 sunt,

588 1484 615 1570 *j
645 1494 705 1550 XII
729 1495 786 1550 eol.
811 1492 885 1550 Her.

569 2009 607 2067 J..
628 2007 689 2068 Sal.
711 2007 796 2078 LVI,
823 2010 851 2066 1.
900 2008 933 2066 Si
956 2007 1021 2082 quic
1044 2009 1085 2066 ad
1108 2008 1229 2066 maltum
1254 2009 1360 2064 venire
1384 2009 1609 2082 contempserit
1635 2051 1641 2066 .
1669 2051 1676 2066 .
1703 2049 1710 2064 .

570 2152 607 2210 L.
630 2152 718 2226 Visig.
749 2151 801 2221 II,
834 2150 862 2220 l,
890 2151 928 2210 19
961 2150 1062 2217 (Fiau.
1096 2148 1279 2216 Uiriatum).
1442 2149 1479 2208 L.
1505 2149 1600 2207 Alam.
1625 2149 1778 2221 XXXVI,
1809 2151 1839 2209 3.
1888 2150 1920 2210 Si
1951 2151 2015 2226 quie
2045 2155 2140 2209 autera

481 2259 522 2318 nt
544 2259 571 2318 ei
594 2257 647 2318 tati
668 2257 861 2318 admonitione
885 2258 920 2324 (i.
941 2277 964 2316 e.
987 2275 1044 2332 per
1066 2233 1214 2331 epistotam
1238 2257 1282 2314 uel
1337 2256 1408 2314 liter
1443 2257 1484 2314 ad
1516 2257 1611 2330 iprum
1646 2258 1799 2332 placitum
1830 2259 2003 2333 neglexerit
2032 2259 2185 2318 venirem

480 2365 622 2440 sigillum)
654 2371 803 2424 conuentus
833 2370 883 2424 aui
914 2384 944 2424 se
970 2365 1138 2424 dilataverit
1167 2365 1281 2422 autad
1336 2363 1380 2420 uel
1409 2363 1589 2436 semetipsum
1619 2383 1672 2421 iton
1700 2365 1932 2438 praesentaverit
1960 2369 2012 2423 aut
2040 2365 2141 2424 comite

480 2472 602 2531 iudicem
621 2474 727 2531 venire
745 2471 974 2546 contempserit,
988 2489 1047 2546 pro
1065 2447 1202 2529 dilatione
1220 2469 1281 2528 sota
1336 2474 1386 2528 aut
1409 2470 1570 2528 centenario
1589 2475 1639 2528 nat
1657 2471 1696 2529 ad
1716 2471 1833 2530 nuscum
1852 2471 1949 2530 comiti
1967 2472 1997 2530 iu
2016 2471 2140 2545 placito,

481 2579 604 2654 pecinnae
626 2580 693 2638 auri
715 2580 822 2638 solidas
846 2579 968 2653 petitori
991 2583 1017 2636 et
1042 2597 1101 2653 pro
1124 2582 1280 2650 contemptu
1336 2575 1409 2635 ΧΠ
1429 2579 1485 2635 sol.
1509 2577 1548 2635 sit
1569 2578 1731 2651 culpabitis.
1776 2578 1994 2654 Qualiscumque
2012 2595 2140 2651 persona

481 2687 604 2761 quinque
627 2687 701 2745 alios
724 2685 814 2745 iudici
838 2690 950 2744 coactus
972 2686 1110 2743 exsoluat.
1308 2721 1310 2784 l
1336 2683 1374 2741 ¹rit
1399 2689 1451 2742 aut
1478 2702 1591 2742 vascua
1621 2684 1710 2742 ducis
1741 2689 1793 2742 aut
1820 2685 1931 2744 cornilio
1962 2690 2014 2744 aut
2044 2685 2141 2759 queatis

1308 2791 1310 2862 ξ
1333 2809 1467 2863 peinana,
1499 2809 1592 2849 nemo
1619 2792 1760 2866 negleqat
1789 2793 1831 2850 ad
1861 2792 1956 2866 ipsura
1984 2793 2138 2867 placitum
2161 2812 2185 2851 ro

591 3457 656 3524 Gap.
673 3455 778 3509 XIIII.
803 3456 820 3511 I.
839 3455 862 3510 1.
889 3456 926 3525 et]
947 3458 976 3508 ut
996 3455 1049 3510 Ait.
1114 3460 1142 3509 et
1160 3473 1254 3510 omnen
1272 3489 1307 3498 -
1326 3457 1384 3528 ubi]
1404 3457 1581 3511 conveniatur
1600 3462 1690 3511 autem
1709 3456 1745 3511 ad
1764 3475 1826 3512 eum
1846 3457 1946 3524 locum,
1966 3474 2047 3526 quern
2065 3458 2138 3511 sien.

483 3546 562 3599 liveri
579 3546 624 3604 εΡ,
698 3545 861 3599 convenient
878 3545 933 3609 eP,·
959 3561 1021 3598 oum
1040 3545 1152 3598 veniant
1169 3546 1194 3597 L
1202 3565 1213 3610 ;
1238 3545 1350 3599 veniant
1367 3547 1424 3614 Mp,
1442 3547 1491 3602 Mt.
1568 3546 1722 3600 constitutio
1739 3547 1808 3599 decet
1826 3547 1896 3614 Atat,-
1920 3546 2063 3601 conntituti
2081 3547 2140 3610 se,-

482 3634 590 3688 etatutis
608 3637 660 3700 Ad,
679 3635 727 3689 Bb.
801 3634 892 3704 iudex]
912 3633 981 3687 dax
999 3633 1050 3701 Ep.
1124 3634 1262 3688 ordinavit
1279 3636 1356 3696 Se'eh;
1381 3636 1500 3689 oraverit
1520 3635 1567 3704 ct,
1587 3637 1648 3690 Boe.

590 3779 607 3832 l.
623 3777 648 3832 2.
675 3794 754 3830 aucus
772 3778 807 3829 eit
827 3777 884 3842 cm·
906 3776 1006 3830 audeat
1024 3777 1095 3834 sna
1180 3783 1363 3844 contemnere,
1383 3777 1422 3830 eei
1439 3777 1644 3848 contempnere]
1663 3779 1732 3831 deese
1749 3777 1806 3833 Po.
1892 3776 1938 3846 qui
1959 3777 2031 3832 inira
2048 3780 2185 3833 —adeo

483 3867 622 3936 placitum]
640 3868 735 3918 decant
755 3867 796 3930 G,·
821 3883 918 3918 mamm
937 3871 1113 3919 recentiorive
1133 3866 1318 3934 nrarptnellt.
1399 3866 1445 3934 qui
1463 3865 1538 3922 infra
1558 3897 1589 3905 -
1609 3867 1720 3919 veniant
1738 3870 1766 3919 et
1784 3868 1877 3919 eicerent
1897 3867 1966 3921 Siclr.
2040 3869 2097 3939 qui]
2116 3871 2137 3922 si

484 3957 542 4022 lu,-
569 3954 642 4023 quod
660 3955 724 4024 Aue,
742 3956 798 4012 ιΙῐι,
890 3955 967 4008 illum
986 3957 1053 4008 deest
1072 3955 1131 4022 Po,
1150 3955 1206 4020 ⁸1³,-
1233 3955 1311 4008 illum
1337 3973 1416 4008 eurr:
1443 3955 1515 4008 illiue
1535 3957 1595 4024 Ala·
1623 3956 1698 4008 illam
1718 3957 1784 4011 Her.
1867 3956 1998 4010 comitatu
2017 3957 2051 4023 L,
2071 3959 2139 4022 Po,-

482 4045 708 4099 communitatem
727 4046 794 4101 Her.
826 4049 834 4112 ll
867 4046 884 4100 t.
899 4043 924 4101 Β,
950 4047 1044 4098 manet
1069 4046 1121 4110 Aa,
1148 4045 1209 4109 Ant,
1229 4045 1262 4113 Β,
1282 4045 1330 4110 Bb,
1350 4047 1411 4112 Boe,
1431 4046 1478 4112 Ch,
1499 4046 1555 4110 Gru,
1575 4046 1633 4112 Jtz,
1652 4046 1707 4112 My,
1727 4045 1778 4113 Mt,
1797 4044 1838 4101 W.
1956 4063 2050 4116 regern
2070 4047 2139 4112 Po,-

481 4149 531 4204 reg
550 4137 596 4190 Gir.
669 4151 748 4188 uanas
766 4151 843 4187 corr:
862 4151 953 4187 vassas
972 4134 1015 4197 L,·
1033 4132 1051 4188 f.
1071 4149 1163 4186 vaccua
1181 4135 1251 4195 Ata·
1269 4133 1339 4186 vanai
1359 4135 1420 4200 Boc,
1440 4135 1509 4199 Po,·
1526 4133 1610 4186 vassia
1629 4134 1693 4198 Ala
1718 4133 1805 4187 iussae
1824 4136 1857 4201 Β,
1879 4135 1929 4191 Τ2
1947 4139 1996 4202 (m.
2012 4139 2139 4204 prima),-

481 4225 554 4278 iusau
574 4226 625 4291 Ad,
649 4225 675 4276 T
682 4229 699 4280 2
718 4229 767 4291 (m.
786 4227 937 4290 recentior).
1011 4222 1073 4276 duci
1092 4224 1160 4286 Pa·
1190 4222 1257 4276 dicis
1276 4225 1338 4278 Ate.
1423 4223 1566 4293 placitum]
1586 4223 1720 4291 palatium
1739 4224 1802 4290 Aut,
1823 4227 1880 4279 Pe.
1953 4224 2064 4277 venient
2082 4225 2139 4287 aP,·
2158 4217 2198 4277 eo‘

481 4313 573 4368 veniat
593 4315 617 4365 G
623 4332 635 4378 ,·
660 4314 825 4366 conveniant
843 4314 868 4364 Β
875 4331 886 4377 ,·
910 4311 1011 4366 iterum
1029 4313 1193 4366 conveniant
1211 4313 1248 4368 K.
1317 4315 1353 4379 et]
1374 4311 1437 4380 quia
1456 4311 1518 4367 Ant.
1601 4312 1646 4380 qai
1666 4316 1757 4365 autem
1776 4312 1870 4365 venire
1895 4313 2047 4381 neglexerit
2065 4314 2138 4371 Stet.

482 4404 649 4472 neglecxerit
667 4404 731 4470 Em
757 4402 879 4470 neglexit
896 4403 951 4456 Ate.
983 4404 992 4466 ΙΙ
1024 4401 1041 4456 l.
1058 4399 1083 4458 4.
1109 4400 1255 4454 damnetur
1279 4402 1318 4454 cel
1341 4401 1515 4471 dampnetur]
1542 4401 1759 4470 condempnetur
1778 4402 1846 4465 um·
1873 4400 1984 4454 donet
2007 4402 2064 4470 dig,
2089 4403 2139 4470 Mt,

482 4492 540 4559 Po,
560 4493 641 4554 Sidi,-
662 4490 779 4544 donetur
798 4492 829 4546 L.
902 4488 957 4544 XV
976 4489 1068 4544 solidis
1087 4493 1125 4544 nel
1143 4493 1193 4559 noll
1213 4492 1253 4544 eol
1272 4489 1328 4544 XV
1347 4496 1406 4558 Agr
1424 4489 1480 4544 XV
1499 4491 1539 4543 sol
1559 4496 1697 4559 conponat
1716 4493 1764 4546 Bb.

590 4635 607 4685 i.
625 4632 649 4686 ὃ.
676 4632 760 4686 comis
779 4635 834 4700 Ait,
853 4633 886 4699 Β,
905 4632 957 4700 Ep,
975 4632 1005 4696 J,
1024 4632 1083 4700 P3,
1097 4636 1122 4700 6,
1141 4635 1186 4703 eP,
1207 4635 1276 4699 T1,·
1295 4636 1406 4702 comico,
1425 4651 1503 4688 corr:
1522 4634 1637 4688 comisto
1656 4636 1689 4690 1..
1762 4651 1827 4688 vero
1846 4635 1914 4688 decet
1935 4635 1967 4690 L.
2037 4637 2138 4704 recum]

483 4721 630 4776 secandam
650 4722 696 4775 aP.
786 4719 906 4774 habeant
924 4729 976 4788 Ap.
1066 4721 1194 4792 iudicem]
1215 4723 1339 4778 ducem
1358 4725 1416 4780 Pi.
1507 4723 1556 4794 ibi]
1575 4723 1623 4777 ubi
1641 4724 1670 4780 J.
1763 4722 1894 4776 iudicium
1914 4765 2002 4779 .....
2023 4725 2140 4790 (laneae
2159 4737 2185 4776 eo

484 4815 591 4877 macae)
679 4811 888 4864 conetitumtum
907 4816 948 4864 eet
965 4815 1010 4866 aP.
1083 4811 1214 4866 constitua
1234 4817 1275 4866 ecl
1292 4813 1326 4878 L,
1346 4815 1415 4876 P6,·
1434 4813 1566 4867 constitua
1586 4813 1672 4884 (eorm
1691 4813 1866 4882 constitutus)
1887 4816 1928 4866 est
1946 4813 2004 4868 Pe.
2069 4812 2139 4865 iudi·

484 4902 541 4955 cari
558 4901 603 4956 eP.
667 4899 1065 4964 lirerumeP,·liben1mAlt.
1098 4903 1106 4965 [Ι
1139 4901 1197 4955 at.
1224 4901 1468 4971 legin]regisP6.
1532 4919 1639 4970 semper
1656 4903 1725 4955 deest
1746 4903 1769 4952 G
1777 4920 1789 4966 ,·
1807 4919 1891 4970 super
1908 4902 1966 4958 Pe.
2021 4903 2138 4970 rectum]

485 4990 586 5044 iactum
605 4990 668 5056 Boe,
689 4990 736 5043 Ch.
793 4993 898 5042 rectum
918 4987 1048 5042 iudicium
1068 4988 1198 5059 iudicent]
1217 4995 1292 5042 recte
1311 4991 1446 5045 iudicetur
1463 4992 1534 5046 secu.
1592 4990 1723 5043 iudicium
1742 4993 1810 5044 decet
1831 4991 1863 5057 G,
1883 4992 1914 5042 H
1918 5010 1930 5056 ;
1949 4989 2070 5044 iudicum
2089 4990 2138 5044 Mt.

484 5078 588 5133 iudicet
612 5079 742 5132 iudicium
763 5079 794 5133 Β.
879 5077 982 5131 iudicet
1000 5080 1063 5146 Boe,
1084 5079 1141 5144 Gru,
1159 5079 1227 5143 Her,
1246 5080 1279 5146 L,
1299 5081 1356 5148 Po,
1378 5081 1428 5135 Til.
1514 5080 1641 5133 omnibus
1658 5081 1711 5147 Au,
1730 5082 1792 5146 Boe,
1812 5081 1859 5147 cn,
1878 5081 1903 5131 L
1923 5083 1968 5147 (m.
1987 5083 2140 5143 recentior),

489 5170 559 5234 Τ1,·
582 5169 673 5221 omnia
692 5168 749 5236 My,
768 5169 826 5236 Pa,
838 5170 864 5234 5,
878 5171 903 5235 6,
921 5167 966 5222 ⁸1³.
1040 5168 1127 5220 causis
1146 5169 1198 5234 Aa,
1220 5169 1282 5234 Boe,
1303 5169 1353 5236 cn,
1373 5171 1397 5220 L
1416 5175 1462 5234 (m.
1483 5172 1634 5234 recentior),
1656 5169 1712 5225 Τ1.
1777 5168 1887 5236 quieP.
1960 5168 2140 5236 conponende
2159 5181 2184 5220 ct

486 5259 538 5324 Aa,
559 5258 607 5325 et,
630 5259 696 5322 Τ1,·
723 5256 904 5326 componendi
923 5257 967 5315 cP.
1047 5261 1088 5308 ent
1106 5257 1168 5323 Ala,
1187 5258 1220 5324 Β,
1242 5257 1298 5323 Gra,
1319 5258 1385 5324 Her,
1405 5258 1461 5321 Jn,
1479 5259 1551 5324 Sicu,
1573 5259 1630 5325 Ta,
1649 5258 1693 5320 W,·
1717 5259 1751 5310 sit
1771 5258 1818 5313 Bb.

595 5601 624 5683 1)
655 5607 701 5667 De
723 5607 816 5666 iudi-ce
839 5607 1059 5666 Baianara'orum
1087 5607 1125 5675 es.
1149 5605 1190 5664 Η.
1212 5606 1358 5675 Brunner,
1384 5605 1506 5666 ‘Dae’
1528 5602 1576 5676 1²,
1595 5625 1628 5680 p.
1647 5606 1710 5664 204
1730 5623 1771 5680 sq.
1880 5601 1912 5678 2)
1943 5604 1991 5675 Os.
2016 5604 2140 5664 Decreta

485 5715 715 5775 Aectrteimencia
740 5715 840 5785 (in-fra
863 5733 908 5772 nr.
929 5713 984 5780 II)
1010 5732 1032 5771 c.
1057 5713 1112 5780 15;
1139 5711 1180 5770 H.
1199 5713 1348 5783 Brunner,
1369 5712 1491 5773 ‘Due’
1513 5713 1553 5772 Π
1560 5709 1580 5783 ¹,
1600 5733 1632 5787 p.
1652 5713 1726 5771 220.
1796 5707 1828 5785 3)
1853 5713 1901 5784 tls.
1926 5712 1968 5770 H.
1989 5713 2140 5782 Brunner,

485 5819 633 5882 ‘Berliner
657 5822 728 5881 SR!
759 5821 853 5890 1901,
873 5839 904 5894 p.
924 5819 1004 5888 945;
1032 5819 1062 5877 S.
1083 5818 1209 5887 Riecter,
1234 5817 1445 5894 ‘Formica-apen
1475 5833 1527 5879 zur
1556 5819 1716 5879 Deuirclren
1748 5817 1925 5879 Gerctictte’
1949 5818 2037 5888 XVI,
2063 5819 2138 5877 433.
