4634 6420
924 435 1047 546 LEGES
1071 486 1386 545 Anaunuuouuu.
1410 516 1449 530 -
1471 483 1705 552 PRAEFATIO.

984 726 1015 804 ξ.
1038 723 1068 791 3.
1112 721 1167 788 De
1192 723 1293 808 Lepe
1314 723 1646 788 Alamannorum.

590 846 644 909 Ad
660 845 873 930 posteriorem
896 853 1000 910 aetate
1010 844 1139 929 fontem
1158 847 1243 909 iuris
1259 845 1471 910 Alamannici
1492 867 1581 910 arene
1605 843 1808 923 accedamus,
1829 839 1951 904 seilicet
1966 841 2012 903 ad
2026 839 2144 926 Lepem

486 949 760 1014 Alamannorum.

590 1051 685 1116 Pacti
713 1051 911 1115 solummodo
928 1048 1137 1136 frapmenta,
1166 1051 1234 1114 Lea
1262 1073 1334 1115 aero
1359 1059 1427 1115 tota
1450 1051 1495 1115 ad
1516 1070 1576 1114 nos
1596 1049 1753 1136 peruenit.
1804 1046 1918 1111 Utrum
1940 1045 2060 1110 Paetus
2081 1043 2145 1109 sol-

484 1156 601 1220 lemnis
623 1154 675 1219 len
698 1177 743 1217 aa
760 1155 915 1238 privatas
937 1155 1023 1219 iaris
1043 1153 1124 1218 liber
1134 1154 1256 1240 fuerit,
1280 1153 1428 1218 dubitari
1444 1161 1560 1240 potest.
1604 1153 1719 1239 Leqem
1742 1173 1817 1214 acro
1832 1172 1907 1230 esse,
1929 1149 2014 1236 quod
2029 1171 2182 1214 uomens

487 1261 625 1338 indicat,
650 1259 712 1321 rite
732 1257 834 1320 latam
856 1266 885 1320 et
904 1256 1147 1343 promulpatam
1168 1257 1277 1343 lepem,
1296 1255 1373 1341 fere
1402 1278 1492 1321 nemo
1514 1266 1560 1320 est
1582 1258 1639 1342 qai
1660 1263 1761 1340 nepet.
1805 1253 1871 1318 Sed
1892 1251 2025 1316 metitum
2048 1251 2148 1332 abest,

487 1372 523 1427 ut
544 1369 692 1425 auctores
713 1361 896 1446 ceteroquin
919 1362 1130 1424 consentiant.
1174 1360 1226 1424 De
1246 1360 1350 1424 tribus
1370 1360 1550 1445 praecipue
1563 1357 1659 1424 rebus
1673 1359 1886 1443 disceptatur,
1908 1356 1947 1420 de
1961 1355 2054 1420 modo
2070 1377 2146 1418 coa-

485 1464 649 1545 fectiouis,
672 1463 711 1527 de
729 1485 874 1548 persona
893 1463 1100 1550 lepislatoris,
1123 1464 1163 1529 de
1183 1473 1324 1548 tempore
1346 1463 1519 1549 oripinis¹.

593 1567 645 1630 De
666 1564 809 1651 sinpulis
831 1589 920 1631 nane
942 1567 1166 1632 disserendam
1187 1577 1242 1630 est.

595 1667 690 1743 Quod
712 1669 900 1734 admodum
915 1670 1129 1755 confectionis
1144 1672 1268 1751 attinet,
1289 1669 1363 1736 Job.
1379 1669 1512 1752 Merkel,
1534 1669 1731 1735 nouissimus
1746 1669 1852 1732 editor
1867 1665 1973 1750 Leqis,
1994 1686 2065 1728 eam
2080 1685 2148 1726 uon
2171 1691 2199 1730 m

488 1795 554 1838 reno
577 1781 653 1837 actu
671 1781 841 1856 paratam,
864 1773 920 1838 sed
937 1775 1103 1857 paulatim
1126 1774 1336 1858 compositam
1358 1797 1423 1838 esse
1447 1772 1681 1854 arbitrabatur,
1707 1773 1756 1836 ita
1779 1772 1917 1856 quiden,
1940 1777 1975 1832 ut
1993 1777 2022 1830 et
2032 1767 2149 1852 plures

487 1877 689 1940 recensiones
703 1877 801 1938 totius
816 1874 913 1961 Leqis
935 1885 963 1940 et
980 1874 1097 1960 plures
1115 1886 1231 1960 partes
1250 1879 1379 1962 primae
1395 1875 1592 1940 recensionis
1608 1874 1842 1940 discernendas
1857 1895 1924 1937 esse
1938 1872 2148 1934 eaietimaret.

489 1981 518 2042 A
533 1979 664 2065 reqibas
680 1978 764 2042 enim
779 1978 1057 2065 Merovinqorum,
1073 1983 1258 2066 praecipue
1274 2004 1295 2044 a
1313 1978 1541 2046 Cblotacbario
1557 1979 1603 2043 II.
1619 1977 1822 2062 (613-628)
1834 1978 1990 2062 primam,
2013 1997 2035 2037 a
2051 1973 2149 2036 Lau-t·

478 2083 579 2167 frido
602 2083 682 2146 duce
704 2077 969 2146 Alamannorum
995 2083 1184 2163 secundam,
1212 2106 1234 2147 a
1256 2083 1378 2147 Karolo
1401 2083 1525 2168 Mapno
1552 2083 1749 2168 imperatore
1777 2083 1904 2144 tertiam
1931 2079 2150 2142 recensionem

478 2184 611 2270 saetam
634 2206 701 2248 esee
722 2185 895 2248 contendit.
939 2184 1054 2270 Lepem
1076 2187 1182 2270 icitur
1198 2185 1377 2265 Hlotbarii,
1400 2184 1513 2271 Leqem
1531 2184 1803 2270 Lautsridanam,
1822 2183 1936 2268 Leqcm
1952 2181 2149 2246 Karalinam
2172 2205 2198 2243 ss

487 2289 651 2353 distinnit.
688 2286 799 2372 Neque
814 2310 880 2351 noa
896 2287 1007 2369 Lepem
1020 2287 1191 2354 Hlotbarii
1204 2291 1241 2353 in
1256 2298 1319 2352 tres
1332 2288 1434 2353 libros
1448 2289 1572 2372 diuisit,
1587 2309 1724 2374 quoram
1735 2289 1881 2372 primum
1896 2288 1960 2369 (tit.
1974 2286 2026 2348 I—
2033 2283 2095 2346 LX
2101 2283 2150 2347 VI.

489 2390 645 2455 editionis
672 2393 821 2471 nostrae)
848 2414 869 2455 a
894 2390 1122 2458 Cltlotaclsario
1145 2392 1191 2457 II.
1220 2393 1313 2477 ipso,
1349 2391 1526 2456 scoriadam
1560 2391 1625 2474 (tit.
1655 2389 1717 2452 LX
1723 2389 1785 2454 VII
1789 2427 1828 2438 -
1837 2387 1921 2454 XCI.
1950 2388 2000 2451 ed.
2030 2391 2151 2468 nostr.)

489 2517 511 2558 a
530 2493 758 2579 Dapobertot'.
781 2514 866 2579 repe,
889 2497 1027 2576 tertium,
1050 2497 1169 2560 scilicet
1190 2495 1438 2577 Additamento,
1461 2495 1501 2558 ab
1523 2495 1635 2580 iqnoto
1658 2494 1798 2578 quodam
1820 2491 2005 2577 lepislatore
2026 2492 2063 2554 in
2078 2489 2151 2572 fine

489 2597 617 2682 septimi
631 2595 679 2660 vel
694 2597 791 2661 initio
808 2598 915 2661 oetaoi
929 2600 1052 2664 saeculi
1067 2600 1233 2665 conditum
1247 2620 1313 2676 esse
1329 2599 1494 2663 disseruit.
1539 2597 1638 2661 Hauc
1653 2597 1848 2689 diuisionem
1862 2595 2013 2660 Merkelii
2020 2595 2151 2680 fdsam

490 2723 556 2765 esse
579 2723 667 2764 nunc
690 2700 981 2766 demonstrandam
1003 2711 1058 2766 est.
2172 2725 2199 2762 n

594 2803 771 2887 Perperom
792 2805 899 2868 viram
923 2804 1050 2868 doctum
1071 2804 1164 2870 illum
1186 2804 1283 2892 Lepis
1306 2804 1476 2869 Hlotbarii
1496 2813 1559 2866 tres
1581 2802 1681 2868 libros
1704 2802 1912 2867 dietinaisse:
1940 2803 2058 2866 libram
2076 2805 2151 2886 pri-

490 2928 587 2985 mum,
615 2905 734 2971 librum
762 2907 951 2987 secandum,
978 2907 1225 2989 Additamenta,
1242 2907 1351 2992 facile
1379 2917 1424 2971 eet
1447 2907 1668 2991 probandum.
1712 2905 1948 2970 Additamento
1978 2907 2063 2969 enim
2091 2904 2152 2968 illa

490 3031 557 3073 noa
584 3009 697 3095 Lepis,
728 3009 784 3074 sed
807 3009 901 3073 Paeti
924 3019 1054 3095 partem
1081 3033 1162 3092 esse,
1192 3034 1297 3097 supra
1326 3013 1580 3076 demonstratam
1610 3017 1671 3090 est,
1700 3010 1811 3096 itaque
1838 3031 1901 3093 pro
1929 3011 2056 3092 priore,
2085 3030 2153 3072 non

488 3133 550 3196 pro
572 3113 754 3194 posteriore
780 3115 868 3178 iaris
885 3113 984 3199 fonte
1013 3114 1164 3179 babendo
1189 3124 1218 3180 et
1248 3138 1269 3180 a
1297 3115 1382 3201 Lepe
1409 3113 1511 3200 plane
1539 3113 1732 3198 separanda
1758 3121 1844 3176 sant.
1895 3111 1988 3176 Libri
2015 3112 2155 3176 secundi

492 3212 612 3278 alibro
630 3216 743 3300 primo
766 3217 997 3303 distinpuendi
1018 3227 1215 3304 arpumenta
1228 3219 1304 3285 Job.
1321 3218 1443 3283 Merkel
1461 3239 1502 3281 en
1521 3239 1556 3281 eo
1578 3217 1684 3298 duait,
1707 3216 1793 3301 quod
1807 3215 1909 3279 coclea
1925 3217 1952 3278 A
1969 3215 1989 3278 8
2010 3215 2154 3279 indicem
2173 3235 2203 3275 ss

491 3317 690 3382 solummodo
713 3340 814 3405 usque
837 3320 883 3384 ad
903 3322 951 3385 tit.
966 3320 1082 3385 LXVI.
1105 3322 1154 3388 ed.
1177 3331 1276 3386 nostr.
1294 3319 1476 3406 perfectam
1499 3318 1599 3406 cusat,
1621 3330 1649 3384 ct
1671 3319 1772 3383 codeee
1787 3319 1817 3383 A
1832 3319 1870 3383 12
1887 3329 1962 3403 post
1976 3321 2023 3382 tit.
2037 3317 2153 3384 LXVI.

481 3418 679 3506 fraumenta
705 3421 799 3487 Paeti
824 3424 950 3488 inserit.
1005 3424 1096 3488 Haec
1130 3448 1196 3490 non
1232 3423 1381 3508 sufficere
1410 3428 1492 3490 satir
1522 3433 1672 3509 apparet.
1726 3422 1814 3487 Nam
1847 3424 1949 3488 codem
1974 3423 2003 3485 A
2026 3421 2065 3504 8,
2096 3422 2156 3484 etsi

492 3524 595 3588 iudea
610 3526 680 3588 eius
694 3526 730 3589 ia
745 3527 794 3588 tit.
810 3525 922 3590 LXVI.
939 3528 1068 3609 desinit,
1091 3529 1127 3592 in
1148 3530 1220 3612 ipso
1236 3537 1324 3593 terta
1339 3529 1435 3592 etiam
1452 3528 1652 3612 sequentium
1675 3528 1820 3610 capitum
1841 3527 1991 3590 rubricas
2010 3525 2156 3608 praebet,

493 3629 593 3691 codeae
622 3627 653 3691 A
677 3627 714 3691 12
738 3637 843 3693 autem
861 3627 1058 3714 fraumenta
1079 3630 1175 3696 Paeti
1201 3633 1298 3696 etiam
1328 3633 1406 3696 aliis
1434 3633 1512 3696 locis
1540 3632 1666 3694 inserit.
1709 3629 1758 3693 Rc
1786 3651 1866 3692 aero
1895 3627 1981 3692 nibil
1998 3627 2075 3712 fere
2100 3636 2155 3708 est,

494 3732 582 3816 quod
604 3729 737 3817 differat
759 3732 844 3795 inter
865 3730 982 3795 librum
1006 3735 1167 3818 ‘primum'
1189 3743 1218 3799 et
1239 3733 1446 3799 ‘secundum'.
1490 3733 1616 3798 Eadem
1644 3733 1733 3796 ratio
1760 3731 1916 3816 loquendi
1944 3734 1980 3795 in
2010 3740 2155 3816 utroque.
2174 3753 2205 3792 m

494 3832 642 3898 Primam
675 3833 856 3918 capitulam
890 3836 976 3900 ‘libri
1007 3837 1153 3900 sccundi’
1190 3840 1360 3902 continuat
1395 3838 1565 3902 materiam
1601 3836 1709 3900 ultimi
1740 3832 1882 3919 capitali
1913 3833 1992 3898 libri
2023 3835 2156 3920 ‘primi'.

495 3934 620 4000 Multae
634 3937 773 4022 denique
788 3960 931 4017 normae,
951 3940 1133 4024 praecipue
1149 3942 1194 4006 ud
1209 3942 1262 4004 ius
1275 3942 1464 4025 fundorum
1483 3941 1693 4026 pertinentes,
1714 3941 1751 4002 in
1766 3938 1858 4002 ‘libro
1874 3937 2025 4002 seeundo'
2043 3947 2157 4002 tantae

495 4040 662 4102 aetaetatis
685 4041 821 4105 colorem
845 4039 1026 4122 ostendunt,
1048 4053 1084 4106 ut
1104 4045 1163 4108 viee
1184 4045 1361 4108 recentiore
1376 4053 1514 4128 tempore
1537 4064 1635 4128 quam
1658 4040 1748 4106 ‘liber
1760 4043 1901 4126 primus'
1923 4041 2024 4106 scribi
2042 4051 2155 4126 potae-

496 4143 574 4206 rint.
621 4138 747 4216 Quibus
776 4143 815 4206 de
842 4145 965 4224 causis,
994 4167 1067 4208 cam
1095 4145 1214 4210 librum
1243 4147 1405 4232 quendam
1433 4145 1610 4211 seeundum
1634 4167 1655 4208 a
1677 4143 1757 4210 libro
1773 4147 1884 4232 primo
1907 4167 1978 4208 cum
2002 4144 2157 4209 Merkslio

497 4243 678 4308 discernere
693 4268 760 4309 non
769 4248 936 4330 poscimus
952 4269 1053 4332 neqsse
1068 4250 1175 4330 etiam,
1198 4259 1234 4312 ut
1248 4249 1350 4316 ullam
1365 4249 1467 4314 aliam
1487 4249 1679 4314 divisionem
1693 4250 1730 4312 in
1745 4246 1829 4335 Leqe
1840 4248 2027 4332 faciamus,
2049 4270 2156 4312 ncces·
2176 4271 2203 4310 u

497 4347 626 4411 sarium
649 4370 713 4412 esse
735 4349 897 4430 videatur,
919 4359 1019 4415 totam
1040 4351 1154 4438 Lepem
1171 4351 1344 4418 Hlotbarii
1364 4375 1467 4418 unam
1489 4362 1517 4417 et
1539 4374 1606 4417 uno
1628 4361 1702 4416 actu
1721 4361 1880 4436 paratam
1903 4373 1967 4417 esse
1987 4373 2050 4436 pro
2074 4361 2158 4418 certo

498 4449 614 4514 babere
630 4472 817 4535 possamus.
1199 4465 1200 4470 ’

602 4553 714 4640 Neque
735 4555 850 4619 melius
870 4555 1025 4640 fandata
1047 4568 1092 4622 est
1114 4560 1216 4624 altera
1237 4560 1418 4644 tripartitio
1440 4558 1500 4624 illa
1522 4557 1739 4640 Merkeliana,
1766 4581 1831 4643 qua
1855 4556 1954 4644 Lepas
1978 4558 2158 4641 Hlotbarii,

499 4656 739 4742 Lantfhidana,
753 4657 919 4724 Karaliaa
934 4660 1196 4746 distinquuntar.
1232 4660 1328 4736 Quod
1343 4662 1388 4727 ad
1402 4662 1516 4748 chem
1528 4660 1725 4727 Karalinam
1741 4663 1865 4743 attinet,
1882 4684 1991 4727 omnee
2007 4661 2159 4728 bodierni

501 4769 648 4822 auctores
681 4764 887 4826 consentiunt
923 4764 1008 4828 nibil
1036 4763 1132 4827 aliud
1163 4788 1233 4830 eam
1262 4787 1329 4830 esse
1363 4789 1462 4851 quam
1484 4764 1599 4850 Lepem
1626 4767 1796 4850 antiquam
1823 4773 1912 4830 tenta
1937 4765 2204 4833 tantummodum

500 4864 668 4927 emendato
690 4873 718 4927 et
740 4866 890 4949 eupolito,
912 4866 1055 4930 rubricis
1077 4876 1106 4930 et
1128 4867 1237 4932 indice
1260 4869 1397 4932 adiectis
1418 4877 1447 4931 et
1469 4869 1506 4930 in
1521 4867 1664 4953 sinpulis
1680 4907 1718 4918 -
1736 4892 1801 4933 non
1819 4871 1966 4934 omnibus
1983 4907 2020 4920 -
2037 4871 2158 4936 codici·

499 4964 558 5028 bas
574 4969 666 5031 novis
682 4966 876 5052 quibusdam
892 4969 1005 5033 edictis
1020 4969 1155 5034 additis.
1199 4968 1365 5035 Publicam
1379 4972 1594 5036 recensionem
1610 4970 1707 5058 Lepis
1722 4972 1985 5036 Alamannorum
2000 4995 2022 5037 a
2036 4973 2159 5039 Karolo

500 5067 549 5132 ael
565 5066 685 5133 Karoli
706 5070 899 5154 temporibus
911 5070 1044 5156 factam
1066 5093 1133 5136 esse
1147 5095 1237 5138 nuno
1260 5083 1315 5153 est,
1338 5075 1396 5158 qai
1415 5075 1585 5139 eristimct.
1627 5075 1741 5161 Mapis
1764 5076 1950 5161 ambianum
1974 5087 2029 5160 est,
2049 5087 2158 5141 utrum

500 5171 621 5235 divisio
644 5195 666 5235 a
688 5171 842 5237 Merkelio
864 5175 901 5237 ia
923 5172 1038 5259 Lepem
1062 5173 1230 5240 Hlotbarii
1251 5185 1280 5241 et
1301 5176 1416 5263 Leqem
1438 5177 1698 5264 Lanffridanam
1718 5179 1820 5264 sacta
1837 5180 2017 5262 probanda
2039 5182 2091 5260 sit,
2115 5203 2159 5245 an

501 5276 678 5338 reicienda.
726 5275 798 5340 Duo
821 5278 906 5341 enim
928 5277 1054 5342 codices
1077 5278 1188 5342 A1.2
1210 5280 1249 5344 ab
1273 5279 1350 5344 aliis
1372 5304 1406 5345 eo
1429 5278 1593 5366 differant,
1621 5282 1708 5368 qaod
1727 5283 1889 5368 prolapus
1910 5305 1974 5346 non
1997 5284 2043 5347 ad
2067 5282 2158 5348 Cblo-
2177 5303 2205 5344 a

502 5378 699 5461 turbariam,
720 5377 777 5442 sed
799 5379 844 5443 ad
858 5379 1072 5465 Lantfridam
1096 5382 1207 5448 dacem
1230 5385 1281 5447 bis
1304 5385 1407 5449 verbis
1427 5384 1540 5470 Lepem
1563 5385 1677 5470 refert:
1700 5385 1737 5449 In
1754 5384 1873 5450 Christi
1896 5385 2024 5449 nomine
2047 5386 2162 5472 incipit

502 5489 609 5544 textus
624 5480 678 5545 lex
692 5476 965 5564 Allumannorum,
990 5484 1045 5570 qui
1064 5484 1263 5571 temporibus
1279 5485 1432 5552 Lanirido
1455 5486 1714 5552 filio'Godofrido
1737 5499 1890 5554 renovata
1912 5499 2023 5552 est-
2046 5488 2160 5574 incipit

610 5712 638 5783 1)
661 5713 849 5770 Praeterimur
876 5714 955 5769 idam
979 5717 1129 5788 proloqum
1151 5719 1235 5790 Lapis
1257 5719 1504 5775 Baiaaariorum:
1538 5718 1655 5790 Moyses
1685 5719 1781 5791 gentis
1811 5728 1860 5778 etc.
1917 5720 1995 5784 Quae
2025 5721 2096 5775 euim
2125 5722 2160 5777 de

503 5813 619 5870 bistoria
637 5815 718 5887 Lapis
733 5815 953 5872 Alamannorum
976 5819 1063 5890 refert
1085 5820 1189 5876 nullius
1209 5823 1338 5877 momenti
1359 5841 1417 5878 esse
1438 5828 1544 5879 cannot
1566 5823 1639 5878 inter
1661 5841 1760 5884 omnes.
