4634 6420
632 431 712 490 LEX
735 430 1050 490 BAIWARIORUM.
1076 460 1117 470 -
1140 431 1389 490 PRAEFATIO.
1776 431 1835 490 181

187 620 260 698 III,
277 621 369 702 293),
393 619 599 702 comperimus
620 620 675 685 illo
700 627 835 704 tempore
857 643 989 686 renum
1012 621 1111 686 solum
1134 621 1312 705 episcopum
1335 620 1528 687 Bononiam
1550 621 1728 687 incoluisse.
1776 623 1840 687 Sea

183 727 262 808 6666
285 727 361 792 haee
385 726 479 808 prior
499 748 579 809 pars
601 727 678 810 66666
700 728 736 792 66
760 751 822 810 666
847 728 900 793 his
923 730 960 794 rte
984 729 1077 794 rebus
1100 728 1220 810 666666,
1248 748 1287 793 ea
1316 734 1414 793 uetere
1437 735 1467 792 et
1493 728 1636 810 66666666
1666 729 1731 810 6666
1754 728 1839 810 repis

184 833 402 917 hlerornnpici
418 835 569 916 pluribus
586 834 767 918 prouinciis
790 834 881 918 66666
904 841 1023 900 statuta
1045 835 1188 914 forsitan
1206 835 1366 900 inmutato
1390 835 1548 900 translata
1571 841 1623 912 est,
1643 836 1722 900 illucl
1745 855 1838 918 6666-

184 947 321 1005 mentum
344 947 476 1005 nonest
499 939 742 1006 certissimum.
782 942 875 1007 Adde
898 943 982 1024 6666
1005 942 1119 1025 nepoti
1143 964 1205 1007 666
1224 948 1328 1026 666666
1350 943 1397 1006 oet
1416 948 1489 1006 onte
1505 942 1559 1007 hac
1575 949 1693 1024 tempus
1712 943 1839 1023 saepi-us

146 1047 354 1128 6666666666
376 1046 536 1132 episcopos
557 1048 629 1112 sine
651 1055 738 1113 certa
760 1049 832 1114 seete
854 1049 891 1113 in
913 1049 1075 1114 Bouaria
1098 1049 1207 1129 fuisse.
1255 1047 1367 1112 Etiam
1393 1047 1530 1128 mireris,
1561 1050 1643 1130 6666
1664 1050 1751 1113 nullo
1774 1051 1838 1113 loeo

183 1153 422 1233 reformationes
453 1155 486 1220 S.
511 1154 682 1234 Bonifatii
712 1177 791 1238 6666
818 1157 863 1220 H.
887 1156 1043 1221 Brunner
1067 1157 1169 1239 paulo
1195 1162 1270 1221 ante
1292 1155 1490 1220 introductas
1512 1177 1577 1220 esse
1600 1157 1695 1236 docet,
1720 1156 1757 1220 in
1780 1157 1839 1221 bac

183 1262 248 1343 6666
270 1261 497 1345 respiciuntur.
541 1264 630 1343 Quod
653 1269 758 1328 autem
783 1269 1004 1346 666-6666666
1027 1285 1090 1328 666
1113 1262 1247 1350 niinoris
1262 1283 1327 1328 esse
1342 1262 1469 1326 oirletar
1484 1261 1633 1327 momenti
1647 1283 1741 1343 6666
1758 1263 1839 1329 illml

184 1371 221 1433 {le
243 1389 302 1449 666
325 1389 424 1448 supra
448 1375 619 1434 tractatam
644 1376 701 1434 est.

291 1474 377 1540 Ante
406 1497 529 1540 annum
559 1483 623 1540 646
655 1478 750 1558 666666
774 1477 987 1560 conscriptam
1015 1499 1078 1542 nen
1113 1499 1178 1542 esse
1208 1498 1247 1542 ea
1280 1498 1314 1542 eo
1342 1484 1441 1559 patet,
1477 1477 1559 1558 quod
1591 1476 1628 1541 in
1662 1499 1699 1542 ea
1729 1476 1839 1541 Eclieti

140 1613 166 1651 ιο
186 1582 323 1648 ltothari
346 1584 441 1647 uerba
463 1583 666 1662 adferuntur.
711 1583 795 1665 Quia
819 1584 914 1649 ctiam
937 1585 1002 1666 6666
1018 1579 1277 1649 Alamannorum
1298 1584 1380 1666 ipsa,
1405 1605 1470 1648 non
1489 1583 1645 1649 eornm-nni
1664 1584 1838 1668 archetypo,

185 1690 426 1755 Baiaariorum
449 1690 528 1772 lepis
550 1691 720 1772 strimonos
743 1713 815 1755 usos
837 1714 902 1756 esse
926 1691 1095 1756 uerisimile
1118 1697 1172 1766 est,
1198 1691 1280 1756 lianc
1301 1692 1397 1773 66666
1413 1713 1476 1756 666
1492 1698 1567 1758 6666
1582 1692 1839 1756 Alamannorum

184 1799 279 1879 66666
295 1796 448 1862 exstitisse
460 1819 522 1880 666
541 1803 620 1862 certo
636 1798 751 1862 babere
763 1819 940 1881 possumne,
961 1819 1055 1879 6666
1071 1799 1107 1862 66
1122 1801 1261 1864 6666666
1275 1806 1371 1881 66666
1386 1799 1505 1864 saeculi
1519 1798 1664 1880 66666666Ξ
1681 1800 1729 1878 666
1744 1798 1839 1863 etiam

179 1904 295 1986 parteis
317 1903 415 1969 annis
433 1910 504 1985 post
525 1910 629 1969 ortam
652 1926 716 1969 esse
739 1904 905 1970 66666666.
950 1911 1037 1987 (fuae
1060 1928 1130 1970 6666
1153 1907 1200 1970 ila
1222 1907 1298 1986 6666,
1323 1907 1419 1989 66666
1441 1905 1682 1970 Β666666666
1707 1912 1838 1970 6666666

184 2013 306 2076 saeuite
328 2011 457 2093 septimo
473 2013 527 2076 ¹oet
549 2011 678 2076 ineunte
700 2013 822 2076 saec-ule
846 2019 954 2077 octaoo
978 2013 1188 2097 conscriptam
1212 2036 1276 2078 esse
1300 2014 1471 2092 affirmare
1490 2034 1666 2097 possumus.

143 2147 166 2184 6
292 2118 486 2184 Accuratius
509 2125 630 2201 tempus
652 2119 793 2201 66666666
811 2119 946 2197 definiri
963 2125 1071 2200 petest,
1096 2119 1125 2184 si
1141 2120 1329 2204 respicimus
1345 2121 1440 2202 lepem
1457 2142 1478 2184 a
1493 2119 1621 2201 repibus
1636 2119 1839 2183 Francorran

186 2228 294 2290 datam
317 2246 390 2306 esse,
415 2247 484 2291 cum
500 2226 671 2291 Baiioarii
692 2247 756 2290 non
774 2226 826 2290 sui
849 2226 935 2290 'iuris
953 2228 1008 2290 secl
1025 2229 1082 2291 sub
1096 2233 1248 2308 potestate
1264 2228 1463 2291 Francorum
1483 2233 1594 2300 eraut·
1618 2227 1700 2307 6666
1721 2225 1839 2291 occislit

181 2333 327 2416 primum
355 2335 412 2398 sub
437 2333 614 2414 Dapoberto
639 2333 664 2396 I
689 2333 745 2415 666
774 2355 860 2397 6666
892 2341 954 2398 639
985 2341 1126 2398 mortuus
1156 2340 1234 2412 erat,
1270 2333 1346 2397 (lein
1376 2333 1463 2397 iuter
1492 2354 1593 2396 66666
1622 2338 1685 2396 725
1712 2339 1741 2396 66
1766 2337 1838 2408 726,

187 2440 322 2522 clerique
350 2440 482 2506 Odilone
505 2441 583 2505 (6666
606 2461 690 2504 6666
715 2445 732 2503 7
737 2447 778 2504 44
802 2442 938 2504 subacto.

299 2551 386 2629 6666
409 2571 478 2613 cum
501 2549 550 2613 ita
572 2548 640 2613 sint
662 2555 693 2613 et
716 2548 793 2631 6666
817 2549 912 2628 66666
931 2546 1040 2629 priore
1058 2554 1155 2631 parte
1171 2547 1290 2611 saeculi
1305 2546 1432 2629 septimi
1448 2553 1550 2611 ortam
1565 2567 1629 2611 esse
1645 2544 1838 2627 6666066666,

143 2682 170 2719 66
188 2677 258 2720 666
280 2657 327 2720 oel
351 2655 540 2738 temporibus
556 2656 678 2720 Karoli
694 2653 846 2719 Martelti
864 2655 918 2732 ael,
943 2676 1011 2718 cum
1033 2655 1123 2719 06666
1147 2675 1181 2720 66
1200 2660 1308 2719 contra
1331 2654 1401 2718 6666
1418 2654 1505 2734 flios
1522 2655 1604 2718 male
1617 2659 1704 2734 66666
1720 2673 1840 2735 oppres·

186 2784 242 2827 666
264 2769 349 2840 66666,
374 2761 528 2843 66666666
552 2762 681 2826 annun
703 2763 868 2826 eradamus
891 2782 1012 2827 necesse
1035 2768 1089 2826 est.
1137 2761 1212 2828 Utri
1235 2768 1340 2826 autem
1363 2762 1464 2826 aetati
1487 2763 1537 2826 lea
1560 2760 1764 2826 attribuenda
1787 2759 1841 2834 sil,

187 2867 242 2932 oia
263 2890 405 2950 anonam
430 2876 598 2950 procerte
622 2869 691 2934 dici
713 2867 840 2950 poterit.
888 2868 932 2931 H.
958 2869 1114 2933 Brunner
1147 2869 1252 2933 666666
1285 2869 1484 2949 6666666666
1518 2867 1673 2951 66666666
1703 2869 1842 2951 probare

186 2975 310 3041 studuit
333 2975 429 3057 66666
453 2975 540 3040 intra
570 2981 759 3040 66666744
791 2980 820 3038 66
843 2981 905 3039 748
931 2974 1082 3056 scriptam
1105 2997 1178 3054 esse,
1210 2975 1263 3040 cui
1294 2996 1398 3040 omnes
1425 2977 1493 3056 fere
1522 2975 1588 3039 oiri
1617 2974 1700 3040 docti
1732 2977 1841 3040 66666-

187 3077 327 3147 serunt³.
374 3084 524 3146 Attamen
547 3103 611 3147 non
636 3102 771 3166 prorsus
794 3088 838 3145 est
864 3081 1020 3146 sententia
1044 3081 1207 3146 reicienda
1239 3118 1280 3125 —
1310 3082 1450 3161 forsitans
1473 3081 1546 3146 hiric
1576 3082 1673 3146 alteri
1696 3081 1842 3162 opinioni

143 3215 170 3254 ss
183 3190 402 3272 praeferenda
425 3223 469 3233 -
492 3189 587 3272 lepem
610 3188 697 3254 inter
720 3210 821 3254 onnes
845 3195 908 3254 725
940 3195 968 3253 66
992 3196 1054 3254 728
1088 3191 1145 3254 sub
1170 3190 1291 3254 Karolo
1315 3188 1467 3254 Mortello
1496 3189 1617 3254 maiore
1640 3191 1749 3254 clamas
1778 3209 1842 3252 esso

189 3295 371 3375 confectam,
399 3296 476 3378 quio
504 3297 591 3361 nullo
615 3299 694 3374 loco,
726 3304 761 3361 nt
791 3296 1073 3379 supradiximus,
1105 3295 1349 3375 reformationis
1377 3319 1398 3360 a
1423 3297 1455 3360 S.
1484 3295 1655 3376 Bonifatio
1679 3296 1842 3378 perfectae

189 3403 306 3469 mentio
327 3403 367 3482 fit
390 3409 420 3468 et
443 3404 493 3468 lea
516 3403 553 3468 in
576 3405 696 3486 666666
719 3403 941 3468 Ascheimeusi
969 3405 1025 3468 sub
1052 3403 1242 3468 Tharsilone
1266 3403 1339 3467 ΙΙΙ.
1364 3401 1473 3467 habita
1497 3403 1588 3467 66666
1606 3422 1841 3483 praecessorum

191 3507 271 3588 (non
288 3509 520 3592 praecessoris)
538 3517 654 3593 pactus
677 3510 895 3575 6666666664.

597 3741 620 3822 ἕ
645 3747 674 3804 2.
714 3741 765 3806 De
788 3741 1017 3806 recentioribus
1039 3742 1159 3822 lapibus
1182 3741 1436 3806 Bar'roam'ornm.

147 3895 172 3933 ³0
303 3867 381 3932 066
405 3866 480 3948 ‘lepe
502 3866 770 3944 Bainariormn',
795 3889 891 3947 6666
914 3869 970 3931 sub
1001 3887 1051 3931 nr.
1076 3866 1102 3930 I
1127 3866 1164 3930 in
1188 3866 1247 3930 hac
1270 3866 1410 3931 editione
1427 3867 1516 3948 prelo
1539 3866 1735 3945 subiecimus,
1760 3874 1844 3931 66666

191 3975 355 4039 eabae-rent
377 3975 549 4038 nonnullae
573 3975 653 4054 66666
675 3973 861 4038 recentiores
884 3980 912 4038 et
933 3975 1123 4056 spnoclornm
1149 3973 1283 4054 decreta,
1302 3995 1382 4055 6666
1404 3995 1477 4038 aeuo
1495 3972 1706 4054 Karalinpieo
1721 3973 1844 4057 scripta

191 4081 377 4165 appendicis
400 4083 464 4146 loco
486 4081 643 4164 impressa
665 4079 830 4145 invenies:

297 4189 434 4254 Decreta
457 4188 584 4254 66666666
606 4186 843 4252 Ascheimensis
865 4186 948 4250 inter
970 4208 1072 4250 66666
1097 4193 1159 4250 755
1188 4195 1217 4252 66
1242 4194 1306 4252 760
1336 4187 1443 4252 habiti
1472 4187 1509 4251 in
1536 4187 1649 4269 666066
1671 4189 1844 4253 nonnullae

192 4317 242 4360 res
271 4296 502 4361 ecclesiasticae
523 4293 706 4360 accuratius
735 4293 938 4373 definiantur
960 4295 1146 4375 decretoque
1172 4294 1302 4359 concilii
1325 4295 1498 4359 Veram-sis
1526 4297 1582 4358 sub
1607 4294 1750 4378 Pippino
1772 4317 1843 4378 6666

148 4429 174 4468 ss
193 4402 351 4468 convocati
374 4401 520 4466 eahibita
542 4407 618 4466 sunt
642 4397 726 4479 (II).
773 4399 831 4480 (=
857 4400 944 4465 ΜΘ.
975 4399 1119 4466 Concilio
1143 4401 1213 4466 aeci
1237 4401 1393 4466 Koralini
1417 4403 1445 4480 I,
1472 4424 1506 4484 p.
1532 4405 1682 4485 56666).

300 4509 437 4574 Decreta
454 4529 535 4590 6666
552 4515 705 4573 occantur
719 4507 1002 4590 Diapolhnpensia
1025 4515 1053 4572 et
1076 4507 1113 4572 in
1135 4509 1275 4573 cantione
1298 4508 1345 4573 ibi
1366 4508 1477 4574 habito
1495 4530 1590 4586 auno,
1615 4516 1650 4573 ut
1667 4510 1843 4591 opinamur,

195 4622 259 4681 770
282 4617 420 4696 redacta,
448 4616 486 4680 in
508 4615 622 4697 666666
652 4651 693 4658 -
725 4617 789 4696 6666
811 4615 1055 4681 Baiuariormn
1078 4617 1209 4700 saepius
1231 4622 1406 4699 inspectata
1435 4652 1477 4660 -
1507 4618 1661 4682 nonnulla
1683 4618 1845 4682 desideria

168 4801 169 4804 Ἴ
190 4722 444 4804 666666666666
466 4721 613 4786 ecelesiae
629 4721 785 4786 nobilium
803 4723 978 4805 populique
1000 4723 1185 4789 accuratius
1202 4723 1426 4789 describuntur
1448 4731 1478 4789 et
1500 4724 1714 4806 disponuntur
1732 4723 1842 4804 (III).

192 4829 250 4910 f=
274 4827 359 4894 Ma.
385 4831 405 4895 l.
431 4831 451 4894 6.
477 4828 507 4909 Ι,
533 4851 566 4910 6.
593 4834 634 4892 93
651 4832 745 4911 666).

145 4963 173 5002 n
297 4937 436 5002 Decreta
452 4935 713 5018 Neuehinpensia
728 4935 780 5000 die
798 4943 837 5001 14
854 4936 971 5000 mensis
991 4936 1133 5001 Octobris
1148 4937 1232 5002 6666
1245 4944 1307 5002 772
1323 4940 1381 5002 sub
1397 4936 1604 5021 inscriptione
1620 4935 1668 5004 ‘ae
1678 4939 1843 5022 populari·

192 5046 248 5109 bns
263 5043 395 5125 lapibus'
407 5043 585 5124 publicata,
605 5064 685 5125 quae
703 5042 782 5125 lepis
797 5043 1042 5108 Bairaorioram
1057 5043 1162 5108 instar
1177 5044 1381 5122 novellarum,
1401 5045 1682 5110 constitutionibus
1696 5045 1845 5111 nituntur

191 5153 247 5216 snb
268 5151 454 5216 Diassilone
469 5150 544 5214 ΙΙΙ.
568 5150 607 5215 in
628 5151 745 5234 6666666
764 5149 987 5232 Neuhinpensi
1002 5150 1214 5233 promulpatis
1236 5150 1334 5231 (IV).
1375 5151 1432 5230 (=
1450 5152 1495 5216 M
1497 5152 1535 5216 G.
1560 5153 1580 5216 6.
1601 5153 1621 5216 6.
1639 5175 1675 5234 6.
1693 5159 1734 5218 98
1751 5155 1844 5236 666).

301 5346 331 5428 1)
363 5351 411 5424 Cf.
442 5373 469 5411 6.
495 5353 628 5412 86666666
658 5353 676 5411 l.
702 5353 733 5420 l.,
759 5351 885 5426 6682.
1031 5345 1062 5428 2)
1094 5351 1140 5422 Of·
1171 5352 1212 5410 K.
1241 5351 1385 5412 Dehniann
1417 5352 1466 5412 ίΝ.
1491 5355 1612 5414 Archia’
1639 5356 1679 5424 X,
1705 5375 1738 5430 p.
1762 5357 1843 5424 504;

193 5479 218 5517 o.
244 5460 378 5520 Sohuind
401 5462 420 5519 l.
445 5460 504 5519 eod.
526 5459 649 5529 XXXI,
667 5479 701 5533 p.
719 5459 783 5518 433
796 5477 867 5534 sqq„
892 5458 973 5528 43&
998 5456 1159 5527 XXXIII,
1179 5478 1211 5532 p.
1230 5460 1294 5518 686
1307 5479 1366 5535 666.
1437 5453 1468 5536 3)
1497 5461 1586 5520 Hanc
1608 5462 1767 5536 opinatorem
1789 5481 1844 5521 non

147 5589 175 5628 a>
188 5567 295 5640 probat
317 5567 507 5625 Bernhardus
531 5567 615 5641 Sepp,
641 5564 710 5626 ‘Die
732 5566 978 5641 Dntstehnnpsnett
1000 5567 1051 5625 ater
1073 5565 1139 5624 Lea
1160 5566 1401 5626 Baiavariorum'
1425 5568 1456 5626 in
1480 5565 1703 5642 ί4660666666
1718 5568 1843 5627 4466666-

193 5675 308 5745 schrift,
338 5673 557 5748 horauspeyeben
579 5691 643 5732 666
672 5673 857 5732 historischen
885 5673 985 5732 Verein
1013 5691 1067 5732 oon
1094 5671 1289 5746 Oberbapern'
1318 5665 1450 5745 1901l2,
1475 5693 1508 5747 p.
1534 5675 1651 5750 36666.
1676 5680 1702 5733 66
1726 5675 1767 5734 70
1783 5693 1843 5750 sqq.

194 5780 225 5850 4)
250 5779 299 5852 Of.
321 5799 413 5856 66666
432 5781 547 5855 6180
570 5781 589 5838 6.
608 5781 647 5840 31
662 5797 721 5856 sqq.
