4598 6436
503 446 565 506 192
954 444 1036 502 LEX
1058 441 1374 502 BAIWARIORUM.
1398 471 1441 482 —
1465 441 1713 500 PRAEFATIO.

502 635 706 701 ‘Baiunarii’
721 635 807 715 falso
823 635 902 700 lecto
917 639 1019 698 ortum
1034 639 1088 698 est.
1128 632 1240 698 Perse
1258 632 1359 715 69666
1372 639 1461 716 patet
1475 653 1584 698 aeram
1602 632 1742 698 nominis
1760 635 1898 712 sormam
1916 631 2152 698 ‘Baiwarii’
2198 709 2203 712 ,

501 749 529 806 et
551 741 588 807 iu
611 741 714 825 capite
737 739 888 806 editionis
910 745 938 804 et
960 739 997 803 in
1020 745 1106 804 teoctu
1128 738 1198 822 ipso
1221 739 1435 805 adhibendam
1457 760 1533 804 esse.

594 849 683 930 Qrcod
693 846 805 913 666663
821 845 967 911 lectiones
981 844 1141 911 uberiores
1156 845 1308 910 adnotavi
1320 866 1414 928 9666
1424 845 1534 927 primo
1549 846 1655 910 obtutu
1671 865 1792 910 necesse
1803 867 1868 912 esse
1878 846 2015 924 ridetur,
2032 846 2070 911 id
2080 845 2152 925 foci,

501 953 579 1036 9666
593 975 693 1020 66663
707 953 849 1019 rationes
862 952 900 1018 in
915 951 1054 1018 editione
1069 953 1288 1036 comparanda
1302 950 1429 1034 inpredi
1444 951 1543 1016 nolui.
1578 951 1671 1018 Adde
1686 951 1791 1030 etiam,
1804 954 1887 1034 9666
1900 952 2020 1018 evitare
2034 952 2152 1031 studui,

501 1083 541 1126 ue
556 1059 638 1125 mihi
653 1059 784 1126 arimini
800 1061 940 1140 daretur,
956 1058 994 1122 in
1009 1057 1069 1122 hac
1084 1057 1223 1123 editione
1238 1079 1301 1124 non
1316 1063 1359 1123 tot
1374 1058 1523 1123 lectiones
1537 1057 1665 1137 adferri
1680 1063 1754 1140 quot
1769 1057 1807 1123 66
1821 1056 2053 1124 vetustioribus.
2090 1059 2154 1124 Sed
2177 1085 2190 1124 s

501 1167 533 1232 si
548 1167 620 1248 9663
635 1167 789 1232 minorem
804 1164 1040 1230 adnotationem
1063 1186 1158 1246 9666
1173 1164 1287 1229 dicunt
1302 1163 1458 1243 criticam,
1483 1165 1641 1245 maluerit,
1665 1185 1728 1229 non
1751 1164 1868 1230 habebo
1890 1147 1979 1246 9666
1994 1186 2060 1230 666
2083 1166 2155 1230 inre

502 1274 533 1338 ei
551 1273 694 1339 obiciam.
729 1273 776 1338 At
794 1271 923 1336 uberior
938 1271 1102 1336 adnotatio
1117 1292 1151 1336 oo
1166 1269 1315 1336 enmrsari
1329 1276 1438 1354 potest,
1462 1272 1545 1352 9666
1557 1277 1687 1336 stemma
1703 1271 1841 1336 codicum
1859 1271 1949 1350 effici
1963 1294 2026 1338 666
2037 1272 2153 1354 potu-it.

508 1381 631 1461 Quaeso
656 1380 782 1444 tandem
805 1378 951 1442 animum
973 1379 1121 1442 6666663
1144 1377 1290 1443 lectiones
1311 1377 1476 1460 proniores
1498 1377 1613 1442 litteris
1635 1377 1796 1443 distinctis
1818 1378 1990 1460 impressas
2012 1399 2086 1442 6336.

612 1485 760 1568 86696663
790 1483 920 1562 codices,
948 1489 985 1548 ut
1013 1483 1082 1548 iam
1105 1505 1121 1548 e
1144 1482 1355 1565 disputatione
1377 1482 1539 1565 superiore
1561 1483 1764 1564 intellescris,
1794 1484 1841 1548 eis
1865 1485 1965 1550 literis
1987 1485 2153 1568 66369666,

504 1592 619 1674 arcibus
645 1590 735 1656 urbis
760 1611 873 1655 nomen
902 1589 1020 1672 incipit
1050 1590 1089 1655 iu
1123 1611 1185 1672 966
1219 1591 1317 1655 codsa
1348 1589 1397 1655 uel
1430 1589 1628 1672 conscriptus
1662 1597 1708 1656 est
1739 1591 1787 1655 uel
1820 1598 1915 1657 antea
1943 1590 2076 1670 fuitpel
2098 1591 2156 1657 hoc
2175 1619 2201 1658 ro

506 1705 640 1781 tempore
669 1699 875 1776 adservatur‚·
909 1717 934 1761 e.
957 1717 1007 1778 96.
1032 1696 1063 1760 V
1082 1695 1247 1779 sianificot
1274 1695 1410 1762 codicem
1439 1696 1640 1762 Vaticanum
1697 1699 1784 1778 Quae
1818 1698 1899 1762 ratio
1934 1721 1955 1762 o
1985 1698 2156 1780 philolopis

505 1825 625 1887 semper
647 1803 715 1883 fere
737 1802 887 1868 adhibita
909 1808 955 1867 cst
978 1808 1007 1867 et
1031 1801 1232 1868 distinctioni
1248 1823 1309 1884 per
1332 1801 1442 1868 literas
1464 1809 1494 1868 et
1517 1823 1663 1869 numeros
1689 1803 1727 1869 in
1749 1804 1939 1870 editionibus
1961 1805 2062 1886 16966
2086 1806 2155 1870 bar-

506 1912 655 1976 barorum
676 1910 818 1975 usitatae
836 1908 1054 1992 praeferenda
1076 1907 1155 1973 mihi
1174 1930 1239 1973 6336
1255 1909 1382 1974 uidetur
1399 1909 1593 1991 praesertim
1611 1909 1648 1974 in
1671 1931 1761 1993 opere
1783 1911 1901 1975 edendo
1924 1911 2016 1976 cuins
2039 1909 2156 1977 codices

505 2017 542 2081 in
564 2024 694 2082 stemma
718 2037 782 2080 non
804 2021 879 2080 sunt
902 2015 1068 2081 reddendi.

613 2123 731 2206 Siplae,
756 2143 835 2204 9666
857 2128 1016 2199 vocantur,
1041 2121 1152 2187 ordine
1174 2122 1371 2203 alphabetico
1393 2122 1586 2200 enumerari,
1610 2143 1800 2204 96669666
1818 2122 1983 2188 Henrimrs
2000 2124 2157 2189 Brunuer
2177 2151 2200 2191 u

505 2230 559 2294 666
581 2229 781 2295 doctissimus
804 2228 924 2294 codices
946 2227 1087 2293 melioris
1109 2235 1201 2294 notae
1224 2228 1434 2294 deterioribus
1455 2231 1689 2310 anteponendos
1711 2236 1740 2294 et
1763 2235 1909 2310 copnatos
1931 2230 2016 2295 inter
2038 2251 2071 2294 se
2093 2251 2154 2294 non

510 2335 736 2419 6636696663
766 2355 831 2400 6336
855 2335 997 2418 pulavit.
1044 2334 1088 2399 Ι6
1109 2341 1213 2400 autem
1235 2335 1299 2415 feci
1322 2335 1479 2419 inprimis
1501 2357 1539 2401 66
1565 2337 1604 2400 66
1626 2357 1733 2414 66636,
1757 2339 1839 2418 qnod
1861 2336 1942 2401 mihi
1966 2357 2156 2420 persuasum

511 2443 608 2508 babeo
631 2441 775 2507 ordinem
799 2439 1039 2526 alphabeticum,
1063 2441 1101 2506 in
1124 2462 1183 2522 966
1213 2443 1252 2506 66
1275 2441 1380 2523 pretio
1403 2441 1541 2507 codicum
1565 2441 1650 2507 nihil
1672 2462 1851 2523 66966366
1874 2449 1927 2520 est,
1951 2443 1989 2508 in
2011 2443 2071 2508 hac
2093 2443 2157 2508 edi-

496 2550 591 2616 'tione
609 2549 809 2633 perficienda
832 2569 870 2612 66
892 2547 999 2613 causis
1021 2569 1120 2630 supra
1143 2549 1272 2627 allatis,
1304 2549 1342 2612 de
1368 2547 1483 2629 auibus
1504 2548 1542 2612 in
1565 2549 1741 2614 annalibus
1762 2568 1844 2630 9666
1866 2555 2019 2615 uocantur
2042 2549 2159 2614 ‘Neues

507 2656 645 2722 Archio'
665 2655 862 2732 XXXVII,
888 2675 924 2736 p.
948 2661 1013 2719 446
1034 2675 1100 2737 399.
1131 2655 1316 2720 accuratius
1339 2654 1487 2732 disserui,
1512 2655 1767 2738 praeferendum
1789 2677 1854 2720 osse
1883 2655 2026 2722 omnibus
2048 2657 2160 2721 ceteris
2177 2686 2204 2724 so

508 2761 789 2846 dispositionibus,·
811 2783 887 2826 nam
909 2760 941 2824 si
963 2760 1091 2826 omuino
1115 2761 1294 2826 codicum
1317 2760 1515 2842 sinpnlornm
1533 2761 1772 2845 praestantiam
1795 2763 1882 2827 omni
1900 2783 1969 2828 666
1989 2763 2159 2845 6666966666

428 2943 429 2946 ¹
508 2875 538 2933 et
567 2867 804 2933 accuratissime
835 2866 1027 2948 inoestipare
1056 2867 1233 2946 studueris,
1267 2873 1372 2932 tomen
1402 2888 1440 2930 ea
1469 2866 1525 2932 hoc
1556 2874 1740 2950 arpnmerrto
1763 2869 1802 2934 de
1825 2868 1932 2951 prelio
1958 2869 2159 2952 3669666666

508 2975 727 3040 lectionum
757 2972 841 3038 nihil
867 2995 927 3054 pro
958 2979 1039 3037 certo
1062 2973 1166 3038 dicere
1182 2973 1314 3055 poteris,
1338 2973 1416 3055 auia
1445 2973 1587 3039 codicum
1609 2981 1740 3040 stemma
1763 2975 1917 3040 incertum
1940 2983 1968 3042 et
1991 2976 2159 3056 fortuitum

509 3103 573 3147 6336
595 3080 729 3146 ridetur.
778 3079 915 3162 Saepius
944 3078 1050 3144 enim¹
1080 3079 1147 3143 nisi
1178 3079 1213 3144 66
1245 3080 1402 3145 codicibus
1430 3079 1639 3146 deterioribus
1671 3103 1763 3146 ocrae
1786 3082 1932 3147 lectiones
1954 3104 2018 3148 nou
2040 3083 2158 3148 inseni-

382 3251 388 3262 ,
508 3194 608 3253 untur
630 3193 660 3252 et
681 3186 852 3251 nonnullae
874 3187 997 3266 formae
1019 3185 1159 3250 codicum
1182 3186 1347 3251 meliorum
1369 3187 1460 3251 ualde
1483 3186 1653 3252 obhorrent
1675 3210 1696 3252 6
1719 3189 1846 3254 lectione
1865 3188 2016 3272 9666666.
2063 3189 2158 3254 Prae
2178 3216 2204 3256 a

510 3301 604 3372 terea,
635 3292 665 3358 si
694 3292 777 3372 sorte
807 3291 950 3356 ordinem
982 3291 1214 3373 alphabeticum
1237 3315 1258 3357 a
1280 3315 1328 3357 me
1350 3293 1418 3358 iam
1440 3293 1478 3358 in
1500 3315 1568 3358 meo
1595 3295 1812 3378 manuscripto
1834 3295 2012 3362 adhibitum
2034 3296 2161 3360 omissis

510 3400 561 3464 his
595 3398 791 3481 arpumentis
818 3404 930 3481 postea
959 3399 1235 3482 permutaoissem,
1271 3399 1368 3479 focile
1398 3400 1489 3464 multi
1518 3421 1642 3466 errores
1668 3401 1732 3466 orti
1754 3409 1855 3467 essent
1876 3402 1924 3467 oel
1945 3402 2001 3468 oisc
2022 3403 2160 3482 fuissent

510 3505 677 3586 evitandi,
710 3527 808 3587 66966
838 3505 925 3586 operi
948 3503 1090 3586 pretium
1118 3505 1200 3570 mihi
1229 3526 1294 3570 esse
1323 3505 1449 3572 uidetur
1471 3513 1536 3572 tam
1567 3528 1730 3572 onerosum
1761 3508 1897 3573 laborem
1919 3507 1980 3574 hac
2002 3510 2040 3574 de
2062 3530 2159 3574 66636

511 3612 675 3696 suscipere.
719 3612 861 3678 Ceterum
885 3610 1072 3676 crediderim
1094 3611 1359 3694 sipnilicotioncm
1380 3612 1578 3694 3669666666
1600 3615 1741 3679 codic-nm
1764 3635 1839 3696 9663
1861 3615 1896 3678 66
1920 3621 2051 3680 stemma
2069 3615 2160 3697 9666

511 3721 585 3784 666
608 3719 751 3802 6666966
774 3739 839 3782 666
856 3739 1034 3800 96336663,
1059 3739 1224 3800 auumque
1242 3718 1509 3784 enumerationem
1527 3719 1565 3784 in
1581 3721 1702 3785 666666
1718 3701 1782 3803 6696
1797 3721 1904 3804 eripui
1919 3742 1984 3787 esse
2002 3723 2159 3794 morienti.
2180 3749 2206 3790 so

506 3847 509 3852 ’
620 3842 875 3910 Commentarius
903 3835 993 3924 9666
1021 3842 1132 3908 dicunt
1160 3841 1396 3926 applicatioum,
1429 3843 1604 3909 artioribus
1626 3843 1746 3922 finibcus
1767 3851 1837 3909 erat
1859 3847 2044 3912 6666666663
2066 3867 2161 3927 quam

509 3952 596 4034 apud
610 3949 814 4016 6166666666.
854 3950 897 4014 16
920 3949 997 4014 locis
1019 3949 1123 4032 69666
1145 3948 1348 4033 explicandis
1370 3970 1435 4014 non
1453 3949 1520 4014 nisi
1543 3951 1760 4016 adnotationes
1782 3972 1878 4033 quam
1901 3952 2039 4017 maainre
2062 3973 2161 4018 neces-

510 4057 619 4123 sarios
636 4056 748 4138 adieci,
772 4057 866 4138 66966
883 4055 1057 4142 dilipenter
1075 4058 1229 4122 adnotare
1248 4055 1370 4134 curavi,
1394 4056 1425 4120 si
1447 4078 1508 4120 666
1527 4057 1665 4121 alterove
1683 4057 1746 4122 loco
1762 4059 1864 4139 lepum
1881 4058 1964 4122 idem
1980 4081 2024 4124 au
2041 4065 2161 4124 contra·

510 4165 596 4230 rium
612 4164 752 4244 dicitur,
774 4184 813 4228 ca
828 4163 923 4229 libris
938 4163 1124 4241 adserendis
1140 4183 1190 4227 eos
1205 4163 1305 4226 solum
1320 4162 1407 4245 66696,
1432 4163 1545 4243 quibus
1563 4162 1599 4227 66
1620 4164 1821 4247 applicandis
1836 4165 1976 4248 36696663
1998 4166 2163 4231 sententiis

510 4278 539 4334 et
562 4291 618 4336 nos
641 4277 671 4335 ot
689 4269 812 4353 posteri
835 4269 937 4334 nostri
960 4268 1207 4348 adiubabuntur,
1231 4289 1350 4334 necnon
1373 4289 1480 4334 eorum
1501 4265 1596 4352 o'pera
1619 4291 1751 4352 auorum
1774 4270 1929 4336 iudicium
1946 4292 2008 4353 per
2029 4273 2160 4338 multum
2183 4299 2208 4338 u

512 4383 634 4461 tempus
664 4397 728 4441 non
755 4375 818 4440 erit
839 4376 1060 4457 spernendum.
1106 4375 1161 4438 Ad
1191 4375 1333 4456 36696663
1363 4375 1444 4440 locos
1474 4376 1588 4440 melius
1617 4377 1820 4460 explicandos
1850 4378 2088 4444 dissertationes
2118 4381 2163 4445 ad

511 4482 720 4549 elucidandas
735 4482 795 4547 has
809 4481 1007 4562 quaestiones
1022 4481 1219 4565 conscriptas
1233 4481 1271 4546 in
1290 4481 1448 4546 6666666
1463 4482 1578 4547 666666.
1619 4483 1753 4548 Plenam
1771 4489 1876 4549 autom
1894 4486 2161 4551 enumerationem

512 4589 681 4670 librorum,
716 4589 772 4671 qui
805 4587 881 4654 huic
915 4586 976 4669 lepi
1005 4587 1212 4670 explicandae
1245 4607 1375 4671 operam
1408 4595 1578 4667 naoarnnt,
1615 4590 1787 4670 tepentibus
1816 4590 1929 4669 offere
1957 4613 2056 4673 66966
2078 4592 2162 4657 volui

511 4716 611 4778 66966
627 4696 730 4777 potui.
775 4731 779 4740 ·

621 4803 666 4866 Id
693 4807 796 4866 autem
818 4800 854 4865 in
878 4799 999 4885 primis
1028 4799 1255 4882 inquirendum
1277 4799 1358 4864 mihi
1376 4802 1538 4884 proposui,
1566 4809 1698 4883 auocet
1721 4810 1793 4884 quot
1814 4806 1909 4869 rerba
1932 4804 2009 4886 lepis
2031 4804 2163 4870 Boinoa·
2182 4831 2210 4869 ro

512 4909 635 4974 riorum
664 4907 921 4973 eoctustioribns
943 4905 1063 4989 669663
1091 4905 1160 4971 sint
1180 4908 1373 4990 deprompta.
1421 4908 1611 4992 Ecemplum
1638 4909 1792 4974 Theodori
1818 4912 1857 4975 de
1880 4909 1994 4992 Sichol,
2018 4911 2165 4993 mapistri

513 5015 683 5096 carissimi,
708 5020 830 5080 secutus
852 5014 888 5079 in
910 5013 1125 5098 imprimenda
1148 5014 1212 5096 6696
1234 5013 1338 5080 uariis
1360 5014 1465 5080 literis
1487 5017 1700 5081 demonstrare
1721 5017 1838 5096 studui,
1862 5036 1943 5098 quac
1958 5018 2130 5083 sententiae
2148 5041 2165 5084 6

507 5121 674 5204 prioribus
689 5121 809 5204 6696663
823 5121 890 5186 sint
898 5120 1071 5204 profectae.
1111 5120 1189 5202 Quis
1204 5120 1289 5185 euim
1305 5121 1433 5204 nepabit
1446 5122 1638 5206 explicantis
1653 5121 1800 5204 36696163
1815 5123 1895 5204 66963
1909 5125 2001 5189 valde
2015 5124 2165 5190 iuteresse

513 5228 604 5309 scire,
628 5250 705 5292 666
723 5249 778 5293 666
799 5227 866 5292 sint
887 5226 1026 5309 66696663
1044 5225 1254 5294 Boiroaricac
1276 5251 1321 5294 an
1340 5251 1355 5294 6
1374 5229 1501 5293 iuribus
1518 5228 1656 5293 aliorum
1672 5229 1814 5310 pontium
1837 5230 2010 5313 repetitae?
2052 5233 2164 5312 Qrcam·

514 5355 609 5416 quarn
632 5334 737 5400 dicere
759 5355 824 5399 non
846 5333 951 5398 ausim
965 5333 1208 5399 Baiurariorruu
1231 5355 1296 5400 esse
1318 5355 1424 5398 omues
1446 5335 1528 5415 66963
1546 5356 1627 5416 auos
1649 5356 1688 5400 ea
1706 5335 1784 5401 aliis
1801 5339 2003 5421 depromptas
2017 5359 2082 5403 esse
2100 5359 2165 5404 non
2183 5353 2213 5400 ss

508 5446 612 5525 potest
646 5439 877 5519 demonstrari,
913 5446 1018 5506 tamen
1051 5440 1088 5505 id
1122 5439 1187 5523 696,
1222 5446 1258 5504 ut
1284 5460 1388 5504 66663
1411 5440 1492 5505 locos
1514 5441 1673 5506 derivatos
1695 5448 1776 5507 certo
1798 5442 2001 5509 discerneres.
2048 5445 2166 5510 Minus

514 5547 636 5614 crimen
652 5547 737 5614 mihi
753 5547 881 5613 ridetur
894 5547 1006 5632 plures
1024 5545 1246 5624 derivationes,
1271 5551 1307 5610 ut
1328 5546 1447 5626 dicunt,
1470 5548 1648 5626 adnotasse,
1671 5547 1743 5614 licet
1762 5569 1826 5614 non
1845 5570 1951 5615 omnes
1967 5549 2034 5616 sint
2053 5557 2164 5632 certae,

624 5780 655 5856 1)
687 5783 735 5856 os.
760 5783 864 5844 ’663
885 5783 1008 5843 666
1032 5781 1202 5850 xxxva,
1226 5801 1260 5856 p.
1277 5782 1425 5856 613399,
1449 5782 1524 5842 442.
