4634 6420
451 415 513 475 180
898 417 980 475 LEX
1002 415 1319 475 BAIWARIORUM.
1345 443 1387 452 -
1411 413 1660 473 PRAEFATIO.

447 605 572 672 titutum
606 627 672 672 esse
706 607 906 690 depromptos
936 627 975 671 33
1004 607 1069 688 tcpe
1098 605 1168 671 lata
1198 628 1220 670 a
1243 604 1423 687 Dapoberto
1446 604 1476 668 Ι.
1507 624 1579 686 repe
1606 601 1809 668 Francorum
1842 603 1901 685 qui
1929 625 2016 670 anno
2047 612 2110 670 639

442 735 478 796 p.
506 711 590 779 cur.
614 735 646 778 n.
675 711 762 778 obiit.

560 821 650 902 Quod
679 820 724 884 ad
751 819 908 902 oripincm
937 819 1017 902 lepis
1039 817 1285 885 Baiuariorum
1313 815 1434 896 attinet,
1465 816 1532 882 oiri
1561 816 1643 882 docti
1671 815 1791 882 succidi
1817 815 1944 882 XIXr
1972 815 2059 883 inter
2080 841 2112 884 se

448 925 654 1004 dissentiunt,
687 932 796 992 utrum
822 927 872 992 tec
896 925 940 992 sit
962 925 1061 991 unius
1084 925 1225 992 auctoris
1248 947 1293 990 an
1316 947 1338 990 a
1360 923 1510 1008 pluribus
1533 923 1703 1006 compilata
1726 923 1774 989 oet
1804 930 1978 989 retractata
2000 930 2031 990 et
2052 945 2112 1007 quo

448 1045 584 1118 tompore
617 1032 661 1098 sit
694 1032 823 1114 scripta.
869 1033 915 1097 H.
939 1031 1097 1098 Bruuner
1130 1053 1192 1114 pro
1231 1039 1313 1098 certo
1348 1030 1577 1096 demonstrauit
1611 1029 1703 1096 ittam
1742 1030 1838 1112 leuem
1870 1030 1984 1112 priore
2015 1039 2147 1114 partes

447 1139 568 1205 saecuti
587 1140 687 1204 VIII
707 1139 747 1204 ab
769 1160 834 1204 uno
857 1146 984 1204 auctore
1006 1160 1097 1222 quem
1115 1139 1327 1222 mapistratus
1343 1129 1546 1203 Francorum
1565 1136 1775 1218 adiuuabant,
1800 1137 2012 1222 conscriptam
2035 1161 2109 1204 3333.

449 1246 597 1313 dobanni
612 1247 738 1312 Merkel
752 1245 888 1328 aliisque
903 1246 1153 1326 adfirmantibus
1175 1247 1270 1329 tepcm
1288 1252 1362 1328 post
1383 1246 1556 1327 complures
1572 1246 1695 1309 dunum
1713 1245 1956 1310 retractbtiones
1973 1245 2010 1310 in
2027 1245 2110 1310 banc

447 1353 586 1433 formam
615 1373 696 1434 quae
718 1351 770 1417 bis
792 1352 902 1419 diebus
936 1359 1048 1432 eastut,
1079 1353 1240 1418 redactam
1271 1373 1336 1418 esse
1365 1373 1429 1417 non
1459 1351 1682 1430 adsentiamur,
1713 1350 1792 1432 ania
1820 1357 1922 1416 tentus
1951 1352 2045 1416 verba
2075 1352 2113 1417 iu

449 1459 552 1524 uariis
575 1459 735 1524 codicibus
756 1459 924 1525 simillima
942 1479 1063 1542 parum
1085 1459 1175 1526 inter
1199 1481 1232 1525 33
1255 1459 1439 1543 discrepant
1463 1479 1562 1541 33333
1585 1457 1730 1524 diversae
1756 1459 1804 1523 vel
1833 1458 2016 1524 contrariae
2044 1481 2112 1524 sen·

450 1567 575 1644 tentiae,
599 1565 737 1646 quaein
761 1565 903 1647 sinpretis
923 1565 1074 1650 partibus
1099 1568 1138 1630 de
1160 1587 1228 1632 una
1251 1568 1419 1648 eademne
1442 1587 1477 1631 re
1494 1565 1717 1648 proferuntur,
1751 1564 1833 1629 tanti
1855 1571 1931 1631 sunt
1953 1565 2110 1644 mutanti,
2131 1593 2156 1631 ιο

451 1680 487 1739 ut
509 1695 573 1738 333
595 1672 664 1737 uisi
686 1695 702 1736 3
725 1671 938 1755 corupturibus
960 1672 1197 1737 reductionibus
1220 1679 1308 1738 ortae
1339 1681 1404 1738 esse
1428 1674 1553 1754 possint
1562 1673 1583 1734 ¹.
1629 1672 1729 1737 Hanc
1758 1678 1900 1737 nostram
1931 1672 2112 1756 opinionem

451 1801 559 1845 aeram
594 1801 658 1845 esse
690 1781 738 1845 cet
771 1802 811 1844 eoo
840 1801 873 1845 eo
906 1779 1113 1862 intetlepitur,
1151 1781 1235 1862 quod
1267 1779 1378 1846 uariae
1407 1786 1519 1864 partes
1553 1779 1631 1862 lepis
1662 1779 1784 1860 passim
1815 1800 1853 1844 ca
1886 1778 1964 1844 aliis
1993 1779 2113 1862 'tepibus

452 1889 634 1968 desumptae
656 1908 718 1951 333
741 1887 905 1968 eodemque
930 1892 1066 1970 temporo
1089 1884 1237 1951 intrusae
1260 1907 1325 1952 csse
1348 1885 1504 1952 uidentur.

560 1994 713 2059 Attamen
737 1994 838 2076 133333
869 2015 885 2058 3
913 1992 1027 2074 quibus
1057 1994 1137 2074 depes
1159 1992 1405 2059 Baiuariorum
1435 1992 1598 2058 derivatae
1628 2000 1709 2074 sunt,
1738 2014 1889 2058 nummus
1917 1993 1988 2058 sine
2018 1993 2112 2058 dubio

452 2099 556 2165 maior
585 2107 638 2180 est,
670 2120 765 2181 quam
792 2100 896 2165 adbuc
927 2099 994 2165 oiri
1025 2099 1105 2164 docti
1135 2099 1346 2165 crediderunt.
1395 2100 1487 2165 Inter
1517 2121 1597 2182 quas
1626 2100 1707 2182 depes
1737 2100 1954 2166 Eurioiauom
1984 2106 2013 2166 et
2033 2099 2112 2164 Ἀἰα-
2134 2125 2158 2164 a

454 2228 617 2272 manorum
641 2208 875 2272 enumerandas
898 2227 963 2271 3333
986 2206 1052 2271 iam
1075 2206 1132 2272 diu
1163 2228 1227 2272 333
1253 2207 1394 2288 ipnotum
1417 2206 1501 2286 fuit,·
1531 2205 1584 2270 bis
1606 2207 1730 2271 dunum
1754 2206 1969 2290 temporibus²
1991 2207 2111 2272 daneon

452 2320 588 2380 stratum
611 2321 665 2393 est,
693 2335 885 2396 quamquam
909 2314 944 2379 J.
961 2313 1088 2379 Merbeb
1110 2313 1147 2378 in
1170 2314 1394 2379 commentario
1417 2312 1565 2378 editionis
1587 2334 1665 2378 suae
1687 2313 1748 2378 bas
1770 2313 1851 2397 depes
1873 2313 1941 2378 iam
1963 2313 2000 2378 in
2021 2337 2114 2379 usum

453 2421 584 2500 uocauit,
609 2427 639 2485 et
663 2422 759 2503 tepem
781 2441 892 2503 repum
907 2420 1199 2504 Merooinpicorum
1223 2421 1344 2486 saecuti
1366 2419 1491 2503 septimi
1513 2427 1542 2484 et
1560 2419 1712 2485 Edictum
1728 2419 1866 2485 Rothari
1888 2419 1973 2504 repis
1989 2421 2112 2504 Laupa-

453 2529 624 2612 bardorum
647 2534 677 2592 et
699 2528 795 2611 Iepem
823 2526 966 2592 Salicum
989 2533 1018 2591 et
1040 2548 1176 2592 canones
1199 2526 1345 2592 ecclesiae
1368 2548 1432 2592 esse
1455 2527 1668 2611 respicienda.

569 2634 682 2700 Utrum
704 2633 779 2699 ittae
796 2640 907 2716 partes
930 2633 1008 2715 lepis
1035 2655 1115 2715 quae
1145 2655 1209 2698 nou
1234 2655 1274 2697 eu
1299 2633 1377 2699 aiios
1400 2633 1543 2713 fontibus
1567 2635 1746 2714 desumptae
1776 2640 1861 2713 ment,
1891 2635 1947 2698 sed
1973 2655 2011 2698 eu
2033 2632 2113 2700 Bai·
2133 2660 2159 2698 3

455 2741 627 2805 uariorum
648 2747 738 2823 pente
760 2740 833 2823 ipsa
856 2739 1012 2824 oripinem
1036 2741 1205 2820 docuerunt,
1230 2762 1247 2805 3
1262 2739 1481 2806 uetustioribus
1497 2738 1604 2804 iurum
1621 2740 1812 2806 documentis
1830 2739 1896 2805 sint
1912 2741 2114 2825 depromptae

456 2883 498 2892 -
522 2849 606 2927 quod
628 2846 680 2911 bic
702 2846 770 2912 ittic
792 2845 967 2912 uerisimile
990 2853 1035 2912 est
1058 2883 1099 2890 —
1124 2869 1168 2912 33
1192 2848 1244 2912 tea
1266 2846 1509 2912 Baiuariorum
1539 2847 1605 2912 tata
1634 2847 1746 2912 statim
1772 2847 1818 2912 sit
1841 2845 2027 2928 conscripta,
2052 2870 2114 2930 pro

457 2960 540 3020 certo
578 2953 683 3019 dicere
720 2974 785 3018 non
823 2953 953 3034 ausim,
998 2955 1080 3019 adde
1119 2955 1200 3036 quod
1237 2953 1338 3019 nubtis
1377 2953 1569 3019 denimentis
1607 2954 1698 3019 uobis
1736 2954 1893 3020 traditum
1931 2961 1991 3032 est,
2037 2977 2114 3019 nram

452 3060 620 3144 prioribus
645 3060 837 3144 temporibus
861 3059 941 3142 tepeo
963 3059 1029 3124 sint
1051 3060 1246 3142 conscriptae
1268 3082 1373 3126 necue.
1420 3061 1467 3125 Et
1488 3061 1648 3143 quidquid
1680 3063 1719 3125 de
1748 3061 1868 3144 lapibus
1895 3061 2114 3126 uetustioribus

457 3167 636 3251 opinamur,
667 3188 731 3231 non
749 3166 890 3250 pertinet
914 3169 958 3232 ud
982 3172 1102 3249 tempus
1125 3167 1339 3248 definiendum
1362 3167 1499 3250 oripinis
1522 3168 1617 3232 buius
1640 3167 1725 3249 lepis,
1750 3167 1786 3232 in
1804 3167 1924 3252 primis
1946 3170 2030 3251 quod
2051 3175 2115 3232 tota
2133 3191 2159 3230 3

457 3276 508 3339 teu
536 3273 796 3352 Boiu-ariorum,
826 3280 862 3338 ut
891 3295 992 3357 supra
1020 3274 1320 3354 demonstrauimus,
1351 3295 1415 3340 nou
1447 3297 1463 3339 3
1493 3274 1706 3359 corupturibus
1737 3275 2016 3340 retractationibus
2044 3283 2114 3340 ortu

457 3383 512 3446 sed
534 3403 598 3446 uuo
621 3382 783 3462 eodemque
806 3387 939 3464 tempore
962 3381 1139 3465 conscripta
1164 3403 1229 3446 esse
1252 3381 1386 3447 uidetur.

565 3487 613 3553 At
636 3508 695 3570 quo
718 3483 851 3568 tempore
874 3466 925 3552 tea
948 3494 993 3552 cst
1014 3488 1222 3571 conscripta?

569 3594 671 3659 Carta
695 3593 880 3658 traditionis
903 3595 1059 3674 quaedam
1078 3615 1164 3659 3333
1185 3601 1247 3660 772
1268 3595 1434 3675 confecta8
1452 3594 1549 3659 buius
1567 3594 1645 3677 lepis
1662 3595 1719 3660 sub
1740 3595 1850 3661 titulo:
1875 3595 2115 3660 ‘Baioariorum

459 3701 510 3766 ica
524 3708 617 3784 atque
631 3701 759 3782 pactus’
775 3700 962 3766 mentionem
978 3700 1077 3782 fucit,⁸
1099 3701 1134 3765 iu
1150 3704 1268 3784 synodo
1284 3701 1504 3767 Ascheimeusi
1520 3723 1606 3766 3333
1624 3708 1686 3766 756
1703 3701 1816 3766 babitu
1832 3704 1876 3767 ad
1895 3702 2114 3766 I'bassitouem
2134 3727 2160 3766 so
2255 3703 2256 3706 ’

458 3809 564 3873 ducem
589 3808 658 3872 III
676 3814 742 3872 tum
770 3813 955 3890 repnentem
987 3807 1073 3873 uersi
1101 3810 1232 3874 eandem
1260 3810 1356 3892 teyem
1381 3814 1704 3890 ‘praecessorum
1735 3815 1961 3873 aestrorum
1990 3809 2116 3892 depicta

452 3915 584 3996 pactus'
608 3915 829 3980 nominabant.
877 3915 909 3978 A
933 3916 1067 3996 quodam
1089 3915 1189 3996 ipitur
1207 3935 1445 3996 praecessorum
1475 3914 1544 3980 eius
1567 3915 1633 3980 tata
1657 3936 1722 3979 esse
1744 3916 1849 3994 debet,
1878 3917 1934 3980 sed
1961 3914 1991 3979 si
2019 3917 2115 3980 acrba

453 4042 598 4106 premere
620 4021 678 4100 uis,
702 4021 808 4103 coliipi
824 4027 939 4104 potest,
970 4043 1039 4087 eam
1068 4043 1146 4086 333
1169 4023 1209 4085 ab
1236 4023 1380 4087 ultimo
1404 4021 1472 4086 eius
1490 4041 1690 4106 praecessore
1707 4021 1886 4104 profectam
1910 4043 1975 4086 esse
1996 4022 2116 4087 scilicet

458 4135 592 4211 epatre
614 4128 682 4194 eius
708 4127 894 4194 Ibassitone
921 4129 971 4193 II

564 4235 600 4299 E
619 4241 705 4300 teatu
728 4235 806 4316 lepis
829 4235 975 4301 divinari
998 4256 1062 4300 333
1080 4242 1171 4318 potes
1194 4236 1290 4318 tepem
1307 4236 1355 4300 oei
1370 4236 1471 4301 uttam
1483 4241 1608 4316 partem
1623 4235 1691 4302 eius
1702 4257 1906 4319 popano-rum
1922 4236 2114 4319 temporibus
2134 4259 2159 4298 es

459 4349 561 4406 artam
583 4343 679 4406 essct.
719 4342 822 4404 Immo
842 4363 880 4405 33
899 4363 933 4406 33
948 4343 1030 4424 quod
1046 4341 1084 4406 iu
1107 4342 1208 4426 capite
1233 4343 1262 4421 I,
1281 4348 1300 4406 8
1325 4349 1355 4408 et
1381 4349 1418 4406 11
1445 4343 1667 4408 monachorum
1690 4341 1978 4424 monachorumque
2000 4342 2114 4406 mentio

459 4449 505 4526 fit,
528 4447 627 4527 facite
650 4467 814 4529 capnoscas
836 4448 932 4530 iopam
955 4447 1010 4513 ibbo
1033 4449 1156 4513 333333
1181 4456 1316 4533 tempore
1340 4455 1440 4514 ortam
1464 4471 1537 4528 esse,
1562 4471 1622 4532 quo
1646 4449 1683 4513 in
1706 4448 1869 4514 Bouaria
1891 4449 2114 4514 monachorum

460 4554 748 4635 monachorumque
770 4554 964 4619 monasteria
986 4561 1088 4620 erecta
1110 4562 1213 4636 eraut,
1242 4557 1325 4636 quod
1349 4562 1422 4620 ante
1444 4557 1603 4622 saccutum
1625 4563 1768 4621 octauum
1790 4555 1911 4635 factum
1934 4555 2036 4636 fuisse
2058 4556 2114 4620 ricc

460 4660 660 4726 contendas5.
705 4659 783 4725 Cum
801 4667 907 4725 autem
926 4661 977 4725 teu
995 4663 1032 4726 de
1047 4661 1259 4744 compluribus
1274 4661 1427 4746 episcopis
1442 4663 1590 4744 loquatur
1605 4663 1645 4743 (c.
1664 4665 1692 4742 I,
1711 4671 1740 4740 9,
1761 4663 1826 4743 ll),
1842 4662 1983 4743 forsitan
2003 4663 2113 4726 adsen-

460 4767 579 4832 tiamur
594 4766 737 4832 chrico
752 4766 930 4832 Β33333νΒ
945 4767 1001 4850 qui
1016 4768 1174 4834 contendit
1188 4769 1272 4834 banc
1287 4770 1382 4850 tepem
1397 4776 1472 4851 post
1488 4769 1633 4835 ecclesiae
1648 4769 1905 4848 reformationem
1924 4791 1945 4832 a
1965 4769 1998 4834 S.
2015 4768 2113 4832 Boni-
2132 4792 2158 4832 3

460 4873 540 4953 fatio
565 4872 750 4957 perfectam,
785 4873 822 4938 id
850 4880 895 4938 est
919 4881 990 4956 post
1019 4897 1141 4940 annum
1171 4882 1244 4954 739,
1274 4875 1428 4958 oripinem
1463 4876 1612 4956 ducisse,
1645 4898 1720 4940 nam
1748 4897 1787 4940 esc
1815 4877 1945 4960 epistola
1975 4877 2113 4958 quadam

460 5002 555 5063 quarn
581 4979 758 5063 Greporius
781 4980 856 5044 ΙΙΙ.
877 5002 969 5065 papa
1002 5003 1035 5046 eo
1069 4982 1138 5065 ipso
1172 5003 1256 5047 anno
1279 4981 1447 5059 Bonifatio
1476 4984 1649 5064 scripserat
1678 4981 1788 5062 (Mon.
1817 4983 1922 5048 Germ.
1947 4982 2114 5066 Epistotoe

572 5229 599 5311 1)
625 5235 672 5308 Cf.
697 5236 740 5294 H.
764 5237 913 5307 Brunuer,
937 5233 1133 5310 ‘DRG.'I²,
1159 5257 1193 5311 p.
1218 5237 1293 5305 458,
1317 5257 1347 5296 n.
1367 5239 1423 5308 22;
1448 5259 1475 5297 v.
1500 5237 1650 5308 Semini,
1676 5237 1780 5297 ‘Nuces
1802 5237 1911 5297 Archiv
1933 5237 1985 5296 der
2009 5237 2114 5297 Gesett·

459 5342 554 5412 sabaft
576 5345 628 5414 ftc'r
650 5343 739 5403 attere
761 5343 888 5402 deutsctu
913 5343 1083 5403 Gcscbtcbte’
1109 5342 1271 5414 XXXIII,
1297 5363 1330 5418 p.
1357 5343 1420 5403 655
1437 5362 1496 5419 sqq.
1589 5335 1620 5422 2)
1646 5343 1693 5415 Cf.
1718 5345 1761 5402 H.
1785 5345 1932 5414 Brunncr,
1958 5343 2112 5419 ’81133393-

459 5449 580 5508 buicbte
602 5449 654 5508 der
676 5451 813 5509 Berlincr
827 5449 984 5509 Akadcmie
1006 5450 1058 5510 der
1078 5451 1334 5524 Wisscnscbaften’
1363 5453 1458 5522 1901,
1477 5472 1509 5527 p.
1529 5453 1593 5512 932
1609 5471 1686 5528 sap,
1709 5473 1736 5512 o.
1754 5451 1896 5522 Sebuind,
1921 5451 1972 5512 ‘N.
1988 5451 2111 5512 Arabio'
2131 5467 2157 5507 co

459 5555 620 5628 XXXIII,
639 5575 672 5630 p.
692 5556 890 5616 cos—651.
967 5547 998 5633 3)
1022 5555 1092 5617 ‘Die
1110 5558 1299 5618 Traditioneu
1322 5559 1371 5618 des
1386 5559 1563 5631 Hocbstiftes
1585 5560 1734 5634 Frcisinp'
1760 5561 1803 5619 ed.
1819 5561 1978 5632 Bittcrauf
1994 5579 2040 5619 nr.
2058 5559 2111 5618 49.

460 5655 491 5738 4)
516 5662 564 5734 (If.
582 5663 618 5722 P.
635 5663 724 5734 Rotb,
742 5651 831 5723 ‘Uber
846 5663 1023 5740 Entstebuny
1045 5665 1097 5724 der
1116 5666 1163 5724 tea
1178 5665 1420 5725 Baiuaaricrum’
1439 5685 1472 5740 p.
1496 5666 1536 5725 10
1548 5685 1608 5741 sqq.
1618 5689 1628 5740 ;
1650 5685 1678 5724 a.
1696 5667 1829 5726 Scbwiud
1845 5667 1864 5726 t.
1882 5668 1901 5725 t.
1921 5685 1954 5740 p.
1974 5666 2037 5725 678
2050 5684 2110 5741 sqq.

460 5759 490 5846 5)
508 5769 554 5842 Of.
569 5771 598 5830 S.
610 5770 736 5842 Riecter,
750 5769 960 5846 ‘Forsctounpcu
972 5789 1025 5831 cur
1037 5773 1185 5832 dmtscbca
1200 5772 1377 5850 accettemo?
1390 5772 1478 5843 XVI,
1490 5793 1523 5848 p.
1538 5773 1602 5832 409
1614 5791 1675 5848 sqq.
1738 5764 1769 5850 6)
1789 5769 1975 5843 ί3133313,
1987 5791 2020 5848 p.
2035 5773 2109 5831 461.
