4634 6420
301 575 306 582 .,
414 524 435 586 4
848 526 972 586 LEGES
996 527 1314 588 ALAMANNORUM.
1339 560 1381 572 -
1402 525 1635 588 PRAEFATIO.

413 707 497 793 che
512 707 777 773 Alamannorum
791 711 968 774 vetustiora
983 711 1060 773 sint.
1103 708 1246 794 Reliqua
1269 710 1391 790 omnia,
1412 711 1608 796 praesertim
1619 709 1749 793 forma,
1773 709 1969 793 complemus,
1990 706 2081 771 locus

414 820 442 872 et
464 813 579 876 modus
602 812 756 898 oriqinis,
783 813 819 876 in
848 812 949 877 dubio
974 823 1061 876 sunt.
1108 810 1200 887 Quae
1228 823 1334 878 autem
1352 812 1550 899 fraqmenta
1572 811 1667 878 Paeti
1696 811 1742 876 ad
1769 823 1894 877 nostros
1917 812 1986 876 dies
2005 833 2079 895 per-

413 915 570 998 venerint,
592 916 766 1000 inprimis
789 914 1009 999 definiendum
1031 925 1085 980 est.

520 1017 651 1082 Primus
672 1019 718 1082 ad
741 1019 827 1084 bunc
840 1018 970 1103 sontem
991 1019 1078 1084 iuris
1100 1018 1247 1084 animum
1270 1019 1408 1085 attendit
1431 1017 1623 1104 Stephanus
1644 1015 1819 1083 Balucius.

522 1118 588 1194 Qui
601 1123 639 1185 in
654 1119 737 1185 libro
752 1143 821 1202 suo,
844 1124 902 1206 qui
920 1122 1114 1187 inscribitur
1131 1121 1345 1208 Capitcdaria
1360 1144 1474 1208 requm
1488 1121 1696 1187 Francorum
1719 1123 1845 1206 (Paris.
1872 1119 1970 1202 1677)
1992 1121 2078 1182 tria¹
2100 1137 2113 1177 ι

415 1223 509 1287 Paeti
527 1223 728 1308 fraqmenta
751 1246 791 1288 ea
817 1226 927 1290 codice
952 1223 1010 1290 illo
1039 1226 1184 1290 desumto
1207 1225 1288 1312 Leqi
1309 1225 1570 1290 Alamannorum
1592 1227 1737 1290 subiecit.
1784 1223 1862 1290 Cum
1885 1233 1990 1287 autem
2014 1246 2079 1287 non

414 1325 576 1390 salumin
599 1327 740 1392 editione
760 1329 922 1411 paranda
944 1328 1146 1415 neqliqenter
1167 1337 1316 1393 uersatus
1338 1350 1404 1392 csse
1425 1329 1599 1412 videretur,
1622 1329 1680 1392 sed
1701 1330 1798 1392 etiam
1813 1329 1902 1391 viros
1917 1328 2026 1392 doctos
2043 1328 2079 1391 in

415 1451 555 1494 errorem
577 1428 616 1493 de
628 1427 897 1515 fruqmeatorum
920 1440 1024 1496 aetate
1046 1432 1234 1514 adduceret,
1263 1431 1446 1496 inscribens
1477 1453 1534 1495 ca:
1563 1430 1734 1517 ‘Capitnla
1757 1431 1875 1496 addita
1898 1431 1944 1494 ad
1965 1430 2080 1516 [aqam

415 1531 700 1616 Alamannorum',
722 1533 802 1599 baec
816 1535 1064 1601 ‘Additamento
1077 1534 1279 1600 Balneiana'
1296 1535 1394 1621 qnasi
1408 1535 1592 1599 recentiora
1610 1535 1703 1599 baud
1723 1535 1839 1621 maqni
1854 1535 1913 1598 diu
1929 1536 2078 1598 aestima·

415 1636 547 1700 bantur.
1042 1709 1043 1714 .
2100 1657 2127 1696 so

519 1739 595 1804 Job.
617 1739 748 1822 Merkel,
770 1742 888 1825 quanti
908 1746 1059 1807 momenti
1081 1737 1141 1807 illa
1154 1739 1351 1825 sraqmenta
1372 1749 1486 1820 essent,
1504 1741 1640 1827 primus
1658 1741 1839 1826 perspenit.

524 1841 590 1917 Qui
610 1865 683 1907 cum
703 1843 906 1930 intelliqeret,
927 1847 981 1910 ius
1001 1846 1167 1924 υιιιιιιίιιι,
1189 1866 1287 1930 quam
1302 1845 1339 1908 in
1356 1844 1448 1930 Leqe,
1471 1846 1508 1907 in
1530 1845 1574 1908 iis
1596 1844 1769 1922 contineri,
1792 1851 1944 1907 accurate
1967 1843 2079 1907 omnia

416 1946 462 2009 ad
476 1945 612 2010 Pactam
628 1947 844 2031 pertinentia,
866 1949 1009 2033 quaein
1031 1949 1140 2014 codice
1161 1949 1260 2011 citato
1282 1949 1430 2012 inuenire
1451 1949 1568 2034 potuit,
1590 1946 1719 2032 colleqit
1740 1949 1826 2010 etin
1849 1954 1969 2009 certum
1991 1946 2078 2010 ordi·

416 2071 487 2112 nem
505 2049 639 2134 redeqit.
681 2049 735 2112 Ita
758 2059 901 2136 quatuor
922 2060 1053 2117 nostrae
1074 2051 1229 2116 editionis
1244 2052 1367 2136 priora
1379 2049 1599 2138 fraqmenta¹
1621 2049 1662 2114 ab
1677 2050 1733 2114 illo
1748 2051 1820 2114 uiro
1835 2051 1925 2114 docto
1941 2058 2080 2113 correcte

415 2153 505 2216 edita
527 2161 615 2234 sunt,
637 2174 728 2238 quem
751 2154 791 2218 dc
812 2155 953 2220 bistoria
974 2157 1061 2226 iuris
1078 2153 1268 2220 Germanici
1291 2154 1353 2219 bac
1374 2155 1564 2219 inventione
1586 2154 1704 2239 optime
1718 2153 1866 2218 meritum
1881 2174 1947 2217 esse
1962 2155 2080 2238 neqari
2101 2175 2126 2214 ιι

416 2269 483 2320 non
502 2263 618 2339 potest.

521 2359 570 2422 Ab
592 2361 724 2444 inteqra
746 2367 852 2425 tamen
874 2369 903 2425 et
920 2360 1070 2446 perfecta
1084 2383 1193 2425 rerum
1209 2361 1395 2446 coqnitione
1408 2359 1484 2426 Job.
1500 2357 1623 2424 Merkel
1645 2359 1765 2438 aberat,
1788 2381 1854 2422 non
1871 2361 2079 2444 perspiciens

415 2463 564 2549 quintum
586 2473 614 2527 et
637 2461 874 2547 amplissimum
896 2465 1025 2548 quidem
1043 2464 1136 2528 Pacti
1148 2449 1378 2550 fraqmentum
1400 2466 1436 2526 in
1453 2462 1695 2527 Additamentis
1718 2463 1889 2526 contineri.
1931 2463 2020 2527 Nam
2042 2466 2078 2528 in
2172 2509 2175 2516 .

417 2565 562 2630 omnibus
575 2566 651 2651 fere
673 2566 839 2630 codicibus
861 2577 992 2652 eccepto
1012 2591 1119 2653 supra
1140 2570 1238 2631 citato
1261 2565 1375 2631 ultima
1395 2588 1480 2652 pars
1502 2565 1600 2652 Leqis
1621 2567 1670 2630 ita
1681 2564 1800 2650 forma
1828 2575 1855 2629 et
1877 2569 2017 2630 materia
2040 2569 2079 2630 ab

417 2668 677 2733 antecedentibus
694 2670 852 2753 partibus
874 2671 1036 2753 abborret,
1057 2682 1093 2735 ut
1115 2693 1155 2735 en
1178 2671 1283 2735 eodem
1295 2670 1395 2755 fonte
1418 2693 1457 2734 ac
1478 2667 1556 2735 illac
1568 2667 1712 2754 fluuisse
1734 2691 1801 2733 non
1823 2671 1985 2750 videatur,
2008 2679 2079 2734 tan·
2101 2692 2127 2729 so

415 2783 524 2858 topere
556 2781 662 2837 autem
692 2781 719 2836 et
736 2771 856 2857 forma
878 2784 906 2837 et
928 2776 1067 2840 materia
1089 2799 1161 2840 cnm
1174 2775 1379 2862 sraqmentis
1401 2773 1497 2836 Paeti
1519 2775 1682 2858 conqruit,
1712 2781 1747 2836 ut
1768 2773 1903 2838 dubiam
1926 2795 1990 2837 esse
2013 2798 2078 2838 non

411 2878 526 2960 possit,
550 2878 631 2961 quin
653 2899 725 2940 cum
748 2874 814 2940 illis
830 2878 1010 2942 cobaereat.
1052 2878 1127 2944 Job.
1143 2878 1265 2943 Merkel
1281 2876 1497 2964 differentiam
1512 2876 1600 2960 bene,
1622 2879 1867 2964 conqruentiam
1883 2879 1991 2942 minus
2001 2902 2078 2964 per·

416 2981 531 3063 spexit.
575 2978 754 3064 Separauit
775 2981 882 3066 iqitur
903 2979 995 3046 illam
1017 2983 1165 3046 nltimam
1182 2992 1312 3066 partem
1335 2982 1432 3066 quasi
1454 2979 1709 3044 ‘Additamento'
1731 3002 1753 3044 a
1774 2978 1911 3064 reliquis
1925 2982 2080 3066 partibus

417 3081 525 3168 Leqis,
547 3083 689 3147 sednon
712 3085 885 3148 coniunxit
907 3108 981 3149 cum
991 3084 1196 3171 fraqmentis
1210 3084 1305 3150 Pacti
1313 3094 1336 3148 ³.
1379 3080 1477 3147 Nibil
1499 3093 1605 3147 andem
1627 3084 1746 3147 certius
1767 3091 1822 3166 est,
1845 3106 1943 3169 quam
1963 3085 2078 3148 ‘Addi-

416 3187 569 3250 tamenta'
591 3186 799 3252 Merkeliana
830 3188 874 3253 ad
903 3187 1038 3252 Pactum
1061 3190 1257 3274 pertinere⁴.
1301 3187 1427 3251 Eadem
1456 3187 1589 3250 concisa
1618 3185 1759 3250 brevitas
1786 3188 1822 3251 in
1849 3186 1948 3250 Paeto
1976 3209 2014 3250 ac
2041 3189 2079 3250 in
2100 3211 2130 3250 so

418 3289 670 3372 Additamentis,
691 3291 776 3355 idem
799 3292 896 3355 ctiam
920 3315 998 3355 usus
1019 3300 1048 3356 et
1069 3292 1272 3378 siqnificatio
1294 3290 1473 3371 uerborum,
1496 3312 1596 3375 eaque
1611 3289 1741 3353 diversa
1759 3315 1780 3355 a
1795 3293 1923 3356 ratione
1938 3290 2080 3373 dicendi,

417 3394 559 3477 quaein
575 3391 659 3478 Leqc
681 3393 943 3479 deprehenditur.
995 3393 1065 3478 Ubi,
1089 3404 1123 3459 ut
1144 3394 1324 3480 exemplum
1347 3391 1492 3479 afferam,
1515 3392 1583 3457 Lea
1604 3392 1729 3476 ‘tiben',
1751 3393 1873 3459 Pactus
1895 3403 1923 3456 et
1938 3393 2078 3458 Addita-

417 3503 526 3559 menta
556 3497 715 3582 ‘inqenui'
742 3497 1016 3582 siqnificntionem
1039 3497 1200 3567 adhibent.
1251 3495 1349 3560 Verba
1379 3497 1487 3578 ‘bao·o',
1515 3495 1634 3580 ssidus,
1646 3495 1768 3580 fledns'
1792 3499 1845 3580 (in
1869 3497 2079 3582 ‘minosticlus,

417 3599 665 3685 mediojledus'),
688 3601 816 3686 ‘saiqa',
836 3605 892 3664 ‘est
907 3601 952 3666 ad
966 3601 1206 3686 requirendnm'
1229 3601 1263 3662 in
1279 3599 1381 3663 Paeto·
1394 3609 1422 3664 et
1437 3599 1679 3664 Additamentis
1695 3599 1845 3664 adbibita
1859 3602 1897 3664 in
1913 3601 1997 3686 Leqe
2013 3624 2077 3664 non

417 3713 654 3786 usurpantur⁵.
698 3703 794 3787 Ipsos
818 3725 943 3790 quoque
966 3705 1142 3768 sententias
1158 3703 1393 3767 Additamento
1410 3703 1589 3767 uetustiora
1611 3723 1788 3786 essequam
1804 3701 1918 3788 Leqem
1938 3704 2126 3789 probarem

418 3805 471 3867 uir
486 3805 691 3870 doctissimus
707 3807 747 3871 E.
763 3807 801 3871 de
816 3807 950 3871 Rosiire
966 3809 1034 3871 iam
1050 3807 1189 3871 docuit⁶.
1234 3806 1492 3891 Antiquissimac
1514 3827 1646 3870 normae
1668 3805 1707 3868 de
1730 3829 1820 3888 cane,
1843 3809 1905 3891 qni
1921 3799 2078 3871 bominem

419 3908 582 3992 occiderit,
613 3908 652 3972 de
681 3918 805 3973 mortno
834 3912 871 3973 in
901 3907 1011 3975 aliena
1040 3919 1129 3973 terra
1154 3912 1274 3995 posito,
1303 3909 1342 3974 de
1367 3908 1482 3994 puella
1510 3917 1628 3994 empta,
1665 3930 1749 3993 quae
1780 3909 1860 3995 Leqi
1888 3909 2014 3994 desunt,
2042 3911 2077 3973 in

419 4011 662 4076 Additamentis
692 4021 720 4074 ct
749 4012 786 4076 in
815 4011 915 4078 Pacta
944 4012 1108 4101 loquatur.
1155 4011 1323 4087 Quaedam
1352 4014 1510 4095 rationes,
1538 4035 1621 4098 quas
1648 4009 1744 4096 Leqis
1769 4024 1946 4098 praecepta
1975 4014 2078 4098 respi-

418 4115 520 4196 ciunt,
553 4116 589 4179 in
623 4114 866 4182 Additamentis
899 4139 1070 4201 enpressae
1100 4117 1345 4181 inveniuntur&
1390 4113 1543 4200 Sinqulis
1574 4115 1655 4179 locis
1683 4115 1918 4180 Additamento
1950 4126 1979 4180 et
2010 4115 2078 4180 Lea

418 4218 503 4281 inter
530 4238 564 4280 se
595 4211 790 4303 discrepant.
837 4218 963 4293 Quibus
991 4220 1031 4284 de
1058 4221 1169 4284 causis
1198 4220 1432 4285 Additamento
1460 4218 1506 4281 ad
1527 4217 1642 4304 Leqcm
1670 4219 1759 4284 nullo
1788 4220 1881 4284 modo
1903 4223 2078 4304 pertinere,
2098 4241 2126 4280 so

419 4320 476 4385 scd
497 4319 543 4384 ael
564 4319 699 4385 Pactum
722 4323 848 4406 potius,
870 4335 1013 4408 'quocum
1041 4332 1070 4386 et
1089 4323 1206 4409 sorma
1236 4331 1265 4386 et
1285 4324 1425 4388 necteria
1448 4324 1565 4406 optime
1587 4323 1797 4404 concordant,
1819 4322 1991 4407 referenda
2013 4346 2079 4387 csse

419 4423 581 4493 videntur.

529 4523 679 4612 Quinque
699 4529 805 4614 iqitur
825 4529 921 4594 Pacti
935 4528 1134 4615 fraqmenta
1156 4530 1202 4595 ad
1223 4553 1283 4595 nos
1301 4537 1530 4614 peruenerunt,
1560 4548 1698 4612 quorum
1728 4537 1871 4613 quatuor
1894 4529 2015 4613 priora
2040 4532 2077 4593 in

420 4631 488 4695 solo
512 4631 620 4695 codice
642 4631 698 4695 illo
721 4631 907 4697 Parisiensi
929 4629 977 4714 (A
996 4631 1050 4714 12)
1073 4635 1225 4716 existunt,
1253 4635 1402 4718 quintum
1432 4633 1467 4696 in
1493 4630 1639 4694 omnibus
1656 4630 1733 4715 fere
1754 4633 1893 4718 reliquis
1913 4633 2078 4698 codicibus

419 4733 548 4820 leqitur.
601 4730 693 4808 Quae
723 4742 828 4797 autem
858 4756 898 4797 en
927 4736 1070 4822 quinque
1098 4737 1165 4802 illis
1186 4736 1390 4822 fraqmentis
1419 4735 1458 4801 de
1485 4734 1580 4799 Pacti
1609 4733 1719 4798 indole
1749 4737 1938 4822 oriqincque
1967 4736 2078 4823 colliqi
2095 4756 2126 4796 so

417 4837 557 4921 possint,
580 4859 669 4901 nunc
691 4837 919 4922 caponendam
941 4847 996 4903 est.

526 4939 660 5004 Pactum
683 4939 896 5004 Alamannici
917 4943 1003 5006 iuris
1013 4943 1144 5027 fontem
1169 4965 1235 5007 esse
1257 4953 1285 5007 et
1302 4940 1438 5026 proloqi
1458 4942 1574 5005 uerba:
1601 4941 1719 5006 Pactus
1740 4939 1792 5006 lex
1815 4935 2077 5028 Alamannorum,
2160 4991 2162 4996 -

421 5052 450 5106 ct
470 5066 532 5124 res,
562 5043 600 5106 de
628 5041 746 5127 quibus
773 5044 808 5107 in
822 5041 1026 5130 sraqmentis
1049 5048 1172 5131 aqitur,
1199 5046 1362 5110 evidenter
1383 5044 1564 5108 ostendunt.
1608 5043 1658 5108 De
1679 5046 1841 5126 mediano,
1864 5048 1976 5131 primo
1998 5047 2077 5111 Ala·

421 5167 553 5227 manno,
568 5145 607 5210 de
622 5146 769 5231 inqenua
782 5147 973 5213 Alamanna
988 5159 1121 5215 normae
1135 5149 1270 5213 dantur.
1303 5147 1494 5212 Nonnullae
1509 5147 1603 5211 Paeti
1617 5151 1792 5212 sententiae
1808 5149 1854 5212 ad
1868 5149 1966 5213 verba
1981 5153 2077 5215 etiam

421 5249 457 5312 in
473 5248 556 5332 Leqe
570 5249 834 5315 Alamannorum
856 5261 1002 5338 receptae
1023 5261 1108 5318 sunt.
1155 5251 1314 5328 Quintum
1337 5251 1474 5337 denique
1485 5250 1716 5337 fraqmentum
1738 5252 1833 5317 Paeti
1853 5253 1890 5317 in
1912 5254 2078 5318 codicibus
2096 5275 2125 5315 ιι

531 5443 558 5516 l)
582 5445 696 5516 E‘raqm.
719 5445 760 5514 II,
786 5446 896 5503 1-30.
921 5447 1060 5517 32-53,·
1083 5446 1193 5518 frcqm.
1216 5446 1274 5514 III,
1301 5445 1412 5501 1-16.
1436 5446 1578 5515 23-3t,·
1600 5445 1708 5518 sraqm.
1731 5446 1785 5508 IV.
1872 5447 1902 5521 2)
1923 5449 2078 5504 Merkelins

422 5553 550 5616 quartum
567 5546 758 5620 fraqmcntum
782 5567 801 5604 a
821 5549 902 5604 tertio
923 5567 978 5604 non
999 5551 1152 5622 separauit.
1235 5549 1265 5621 3)
1287 5549 1347 5605 LL.
1370 5550 1429 5618 III,
1450 5569 1480 5622 p.
1499 5550 1546 5605 18.
1564 5548 1762 5610 tuso-83.
1850 5549 1881 5623 4)
1902 5552 1951 5607 ‘M
1967 5550 2079 5608 Arcbio'

423 5649 461 5717 X,
478 5667 512 5720 p.
536 5649 597 5704 473
620 5668 679 5723 sqq.
686 5670 697 5721 ,·
718 5652 756 5709 ΙΙ.
780 5651 920 5722 Branncr,
944 5652 1013 5709 ‘SM
1037 5655 1087 5708 dcr
1108 5653 1186 5708 Berl.
1209 5651 1309 5708 Akad.’
1326 5670 1359 5723 p.
1378 5653 1447 5712 172.
1534 5652 1563 5724 5)
1586 5652 1703 5706 Praeter
1723 5667 1771 5708 eos
1792 5651 1874 5722 locos,
1898 5655 1995 5726 quibus
2016 5675 2077 5711 scn-

421 5753 526 5806 tentine
548 5753 631 5808 Pocti
650 5755 690 5810 ad
710 5755 796 5810 verba
816 5757 846 5810 in
868 5757 942 5827 Leqe
962 5763 1123 5828 repetuntur
1144 5756 1199 5826 (tit.
1217 5757 1342 5827 LXIX).
1408 5755 1437 5826 6)
1460 5756 1494 5810 L.
1517 5775 1540 5811 c.
1562 5774 1591 5827 p.
1612 5753 1661 5810 80.
1728 5754 1758 5826 7)
1779 5757 1902 5811 Nomas
1922 5757 1953 5812 in
1967 5757 2076 5831 sraqm.

428 5855 459 5926 V,
483 5857 500 5910 3
525 5857 609 5913 Paeti
629 5858 712 5912 datas
734 5859 818 5931 Leqis
838 5859 881 5914 tit.
903 5860 932 5916 V.
955 5861 972 5914 1
977 5861 1011 5918 Χ.
1033 5860 1194 5932 respiciunt.
2097 5883 2128 5927 so
