4634 6420
640 493 760 551 LEGES
783 491 1093 550 ALAMANNORUM.
1120 523 1156 532 -
1179 493 1403 549 PRAEFATIO.
1841 488 1861 551 9

195 686 250 741 est.
294 675 384 740 Inter
412 697 519 740 anuos
542 673 614 739 668.
642 683 671 737 et
696 673 767 742 690.
794 673 875 737 liber
899 670 1148 756 poenitentialis
1173 673 1331 737 Tbeodori
1358 675 1394 736 in
1418 674 1602 738 Britannia
1630 676 1776 757 serimus
1803 682 1860 750 est,

194 781 236 844 In
260 778 407 846 Galliam
429 788 457 842 et
479 777 716 843 Alamanniam
748 777 917 840 doctrinae
940 777 1100 841 Tbeodori
1125 777 1266 840 maxime
1289 799 1311 840 a
1335 775 1531 842 Cummeano
1559 779 1741 843 translatae
1769 786 1856 859 sant,

133 909 135 914 ·
194 886 252 970 qui
265 883 383 948 librum
395 879 662 966 poenitentialem
677 877 800 945 ultimis
815 880 945 965 septimi
959 878 1008 942 vel
1024 880 1147 962 primis
1170 880 1277 944 octavi
1298 878 1424 944 sacculi
1446 881 1547 945 annis
1568 883 1757 966 composuit.
1807 882 1862 945 Ea

194 1009 257 1073 quo
278 985 360 1050 libro
385 985 576 1051 Commeani
598 985 713 1071 Leaem
735 981 998 1047 Alamannorum
1022 1004 1155 1046 normas
1181 982 1258 1046 illas
1288 982 1437 1048 hausisse
1463 985 1611 1050 dubitari
1633 1009 1700 1049 non
1720 994 1859 1068 potest¹.

160 1106 174 1148 s
301 1087 377 1164 Qua
392 1089 551 1154 decanea
566 1087 681 1174 Leyem
695 1085 959 1151 Alamannorum
974 1084 1102 1149 saeculo
1125 1095 1237 1151 octavo
1258 1089 1392 1152 ineunte
1414 1087 1580 1152 conditam
1602 1111 1668 1152 esse
1683 1111 1750 1174 pro
1772 1099 1859 1153 certo

194 1193 356 1258 babemus.
399 1188 560 1276 Italoque
581 1192 687 1278 igitur
708 1188 922 1275 Lantfridum
942 1210 1124 1254 memorans
1147 1213 1169 1252 a
1190 1190 1324 1254 veritate
1346 1213 1414 1254 non
1437 1187 1556 1270 abesse,
1579 1188 1663 1255 alter
1685 1200 1789 1257 autem
1814 1192 1859 1256 ad

196 1295 461 1362 Cblotaabarium
483 1293 538 1358 IV.
561 1293 754 1379 referendae
775 1315 842 1358 esse
863 1291 1002 1358 ridetur.

297 1396 475 1484 Reliquum
496 1406 551 1480 est,
574 1407 611 1461 ut
632 1418 846 1482 seponamus,
876 1404 985 1460 utrum
1008 1417 1030 1459 a
1053 1417 1128 1480 reae
1150 1395 1355 1460 Francorum
1377 1419 1422 1461 aa
1447 1419 1468 1460 a
1490 1396 1859 1463 duce'Alamannoram

195 1503 263 1566 Lea·
284 1503 366 1566 data
387 1503 440 1565 sit.
482 1500 604 1586 Reaem
628 1499 894 1566 Cldotacbariam
922 1498 1140 1585 leaislatorem
1160 1497 1273 1584 fuisse
1305 1498 1388 1563 alter
1411 1501 1572 1587 proloaus
1601 1503 1746 1583 indicat,
1775 1503 1858 1567 alter

145 1626 173 1667 ro
194 1615 300 1670 autem
322 1614 351 1668 et
372 1604 470 1669 uerba
493 1603 553 1668 illa
574 1604 722 1670 codicum
738 1604 768 1665 A
786 1604 813 1666 1.
829 1602 866 1667 2.·
889 1599 1048 1667 Convenit
1070 1602 1155 1666 enIm
1174 1601 1348 1668 maioribus
1363 1611 1439 1667 nato
1455 1601 1576 1688 populo
1592 1602 1856 1670 Allamunnorum

192 1731 258 1774 una
279 1729 352 1772 cum
375 1707 450 1772 duci
472 1727 582 1771 eorum
598 1704 752 1771 Lunfrido
775 1703 826 1770 vel
848 1706 1020 1770 citerorum
1039 1703 1160 1790 populo
1175 1704 1325 1788 adunata,
1349 1716 1384 1771 ut
1404 1706 1432 1770 si
1454 1707 1528 1793 quis
1551 1717 1618 1792 etc,
1640 1709 1856 1796 Lanffridum

193 1813 306 1878 ducem
322 1812 493 1898 praebent.

298 1915 413 2003 Leqem
429 1937 451 1979 a
465 1911 644 1999 lantfrido
667 1913 749 1978 duce
771 1935 841 1978 una
863 1913 1080 1998 campanula
1097 1910 1363 1978 Alamannorum
1385 1935 1452 1977 esse
1474 1913 1598 1996 datam,
1621 1915 1663 1980 H.
1679 1915 1858 1981 Brunner²

193 2019 374 2085 clarissime
396 2018 639 2087 demonstravit.
686 2015 781 2091 Quod
802 2039 868 2082 non
891 2015 995 2081 solum
1017 2016 1116 2080 oerba
1137 2037 1242 2100 supra
1265 2017 1367 2081 citata
1382 2017 1531 2082 codicum
1547 2020 1576 2081 A
1594 2019 1621 2082 1.
1638 2020 1668 2103 2,
1690 2020 1858 2084 sedetiam

147 2137 174 2178 1⁶
193 2126 287 2208 iprae
309 2122 406 2209 Leais
435 2123 613 2186 sententiae
645 2120 829 2185 ostendunt.
872 2119 913 2184 In
942 2120 989 2183 tit.
1013 2119 1098 2186 XLI.
1128 2120 1213 2184 enim
1241 2121 1282 2200 is,
1314 2122 1373 2206 qai
1393 2121 1514 2186 iniuste
1537 2122 1727 2208 appellauit,
1755 2123 1859 2187 multa

195 2228 234 2291 12
250 2224 429 2291 solidorum
446 2224 644 2311 afficiendus
659 2224 790 2301 dicitur,
814 2222 891 2308 quia
909 2224 955 2287 sic
973 2223 1125 2286 convenit
1138 2221 1215 2286 duci
1231 2232 1263 2288 et
1278 2223 1365 2286 omni
1378 2223 1500 2310 populo
1516 2223 1550 2288 in
1565 2224 1696 2311 publico
1712 2224 1857 2291 concilio.

195 2332 256 2395 Tit.
277 2327 443 2393 XXXVII.
473 2337 567 2392 entra
594 2328 804 2412 provinciam
833 2329 1005 2412 mancipia
1034 2326 1132 2391 uendi
1152 2335 1237 2390 aetat
1265 2334 1340 2413 post
1365 2336 1560 2393 conventum
1583 2339 1739 2411 nostrum,
1770 2327 1857 2415 quod

193 2431 378 2520 conplacuit
405 2431 530 2497 cunetis
559 2429 758 2495 Alamannis.
804 2431 834 2494 A
863 2430 944 2495 duce
974 2434 1044 2514 ‘per
1074 2431 1314 2496 conventionem
1340 2432 1476 2518 populi’
1506 2433 1608 2498 iudea
1638 2434 1857 2516 constituitur,

193 2540 240 2602 tit.
263 2537 356 2618 XLI;
379 2535 558 2621 etreliqua
580 2538 677 2600 etiam
699 2556 784 2620 quae
806 2534 949 2598 deduce
971 2541 1163 2598 statuuntur
1184 2532 1334 2598 ducalem
1356 2557 1422 2600 esse
1446 2535 1560 2622 Leaem
1583 2535 1767 2602 ostendunt.

145 2662 174 2702 eo
298 2639 411 2725 Neque
439 2661 514 2704 aero
543 2639 615 2722 ipse
641 2636 801 2723 proleque
823 2635 877 2702 ille
902 2637 1170 2704 Cblotacbarium
1191 2658 1444 2704 commemorans
1467 2641 1563 2705 aliter
1584 2638 1725 2726 intelliyi
1742 2650 1858 2726 potest,

194 2767 292 2832 quam
307 2743 422 2830 Leaen
442 2766 464 2807 a
479 2740 659 2827 Lantfrido
677 2741 759 2806 duce
773 2741 897 2825 datam,
916 2750 1032 2825 postca
1054 2763 1076 2804 a
1100 2737 1329 2807 Cblotacbario
1345 2741 1403 2807 IV.
1427 2766 1500 2829 reae
1521 2745 1558 2808 in
1581 2753 1739 2809 conventu
1760 2743 1859 2830 requi

194 2849 302 2915 babito
332 2871 399 2913 esse
424 2846 661 2929 confirmatam.
707 2845 848 2910 Tantum
876 2847 960 2911 enim
990 2867 1159 2909 numeram
1189 2846 1417 2931 episcoporum
1447 2855 1476 2909 et
1504 2848 1623 2912 ducum
1653 2858 1681 2911 ct
1708 2849 1858 2912 comitam

193 2951 283 3017 nullo
313 2950 380 3016 alio
408 2951 488 3033 loco,
518 2971 616 3034 quam
643 2950 680 3013 in
709 2957 867 3013 conventa
889 2949 987 3034 requi
1008 2948 1208 3035 conareaari
1231 2950 1376 3032 potuisse
1402 2971 1493 3014 nemo
1515 2959 1619 3036 neaet.
1667 2949 1778 3025 Quare
1801 2960 1857 3014 ant

191 3056 284 3120 illum
302 3053 478 3141 proloqum
501 3051 681 3139 repudiare
704 3061 762 3117 aut
783 3053 1060 3136 confirmationem
1083 3075 1105 3115 a
1125 3073 1201 3138 reae
1213 3051 1348 3138 factam
1369 3075 1435 3118 esse
1451 3077 1517 3141 pro
1540 3077 1615 3120 vero
1639 3053 1755 3118 babere
1771 3053 1857 3118 debe·

143 3178 172 3219 es
192 3182 273 3227 mus.
317 3155 565 3244 Repudiandus
589 3153 751 3242 proleque
778 3156 852 3221 ideo
874 3155 968 3221 nobis
990 3177 1056 3220 esse
1078 3177 1144 3220 non
1166 3156 1307 3238 uidetur,
1336 3159 1417 3243 qaia
1440 3179 1548 3222 omnes
1569 3157 1695 3222 codices
1716 3159 1857 3246 acceptis

193 3265 223 3328 A
240 3265 267 3326 l.
283 3263 303 3327 2
323 3285 394 3328 eum
410 3261 492 3345 Leai
501 3259 730 3345 praemittunt.
774 3258 887 3346 Neque
908 3280 993 3340 aero,
1016 3269 1052 3323 ut
1070 3257 1245 3344 proloyum
1268 3281 1308 3323 erc
1324 3260 1421 3327 Pacto
1439 3285 1503 3347 per
1522 3283 1664 3326 errorem
1680 3261 1726 3326 ad
1740 3261 1856 3347 Lenem

192 3365 391 3432 translatum
417 3386 484 3429 esse
513 3363 720 3446 crediderim,
750 3361 876 3428 adduci
898 3384 1045 3446 possum,
1073 3386 1147 3428 cum
1169 3363 1304 3428 Pactum
1326 3387 1392 3449 pro
1416 3366 1546 3450 privati
1567 3365 1741 3429 cuiusdam
1762 3365 1856 3448 libro,

193 3493 259 3535 non
276 3493 342 3554 pro
363 3467 432 3554 que
454 3465 638 3532 babendum
660 3466 846 3530 eaistimem.
889 3464 1053 3551 Proloaus
1077 3468 1200 3552 potius,
1231 3490 1322 3553 quem
1345 3467 1432 3532 Atu
1453 3467 1552 3533 Pacto
1578 3469 1769 3552 praemittit,
1799 3490 1857 3552 per

193 3589 332 3637 errorem
361 3594 400 3636 aa
426 3569 510 3656 Leqe
539 3569 728 3656 desumptus
754 3590 821 3633 esre
848 3568 930 3633 mibi
958 3569 1097 3650 videtur,
1127 3570 1209 3657 quia
1235 3571 1277 3635 45
1300 3572 1428 3636 comites
1456 3573 1493 3636 in
1523 3571 1612 3636 uallo
1641 3570 1708 3636 alio
1736 3571 1856 3651 codice,

144 3695 174 3736 so
194 3677 234 3740 65
256 3677 384 3740 comites
406 3696 481 3739 acro
504 3675 542 3737 in
565 3673 675 3738 codice
696 3672 783 3738 Ale
804 3674 842 3737 in
859 3672 999 3758 proloyo
1016 3673 1097 3758 Leai
1112 3675 1298 3759 praemineo
1314 3675 1561 3739 inueniuntur³.
1604 3673 1748 3754 Accedit,
1770 3673 1856 3756 quod

194 3802 233 3844 esc
262 3779 346 3865 Leae
375 3780 453 3862 ipsa
483 3799 675 3842 consensum
706 3777 796 3862 reqis
824 3774 1031 3840 Francorum
1063 3779 1285 3842 necessarium
1307 3777 1420 3864 faisse
1452 3778 1563 3863 colliqi
1591 3799 1688 3864 posse
1717 3776 1854 3842 videtur.

195 3882 351 3948 Pluribus
379 3882 466 3947 enim
494 3880 575 3945 locis
604 3881 643 3944 de
672 3902 748 3966 reae
776 3887 947 3943 tractatur.
999 3880 1104 3944 Ibrta
1136 3891 1194 3945 aut
1222 3885 1259 3948 in
1289 3883 1451 3965 coercita,
1481 3880 1536 3947 ubi
1568 3903 1626 3947 rex
1657 3877 1856 3944 ordinaverit

194 3986 382 4068 exercitum,
411 3993 470 4049 aut
497 3985 534 4049 in
557 3994 646 4048 curte
667 3984 755 4069 reaia
777 3983 949 4046 commissa
970 3983 1174 4048 iudicantur.
1221 3984 1355 4059 Quanta
1377 3986 1419 4049 sit
1441 3986 1627 4070 compositio
1650 3986 1736 4049 serui
1757 3985 1855 4069 reqis,

193 4090 360 4171 definitur,
405 4088 456 4152 De
474 4088 577 4174 fredo
599 4096 740 4174 propter
767 4086 916 4170 episcopi
943 4087 1133 4151 occisionem
1156 4087 1235 4152 duci
1257 4098 1315 4152 ant
1336 4091 1409 4173 reqi
1430 4086 1581 4153 solvendo
1604 4097 1633 4152 et
1654 4087 1694 4151 de
1717 4107 1851 4151 accusa-

145 4196 278 4259 ustione
308 4200 382 4256 ante
412 4214 519 4279 reyem
548 4201 607 4256 aut
636 4200 711 4256 ante
739 4190 853 4254 ducem
882 4191 1087 4256 instituenda
1117 4192 1239 4277 ayitur.
1283 4190 1333 4254 De
1353 4190 1430 4274 silio
1458 4191 1552 4256 ducis
1582 4199 1698 4256 contra
1722 4199 1851 4274 patrem

193 4296 365 4362 rebellante
388 4318 409 4358 a
432 4296 512 4360 duce
534 4295 580 4359 ad
600 4317 706 4382 reqem
727 4294 978 4358 transmittendo
1001 4303 1029 4358 et
1051 4295 1091 4359 de
1109 4295 1285 4359 hereditate
1307 4295 1402 4358 ducis
1423 4295 1496 4380 reyi
1517 4303 1715 4360 accrescente
1737 4295 1853 4357 consti·

192 4402 307 4464 taitur.
359 4397 451 4465 Tales
480 4422 613 4464 normas
643 4401 713 4463 sine
743 4420 901 4462 consensu
931 4399 1035 4484 roais,
1063 4401 1121 4483 qui
1150 4399 1324 4462 ‘dominus’
1351 4398 1445 4462 ducis
1475 4398 1614 4481 dicitur,
1639 4395 1853 4482 promulqari

189 4505 345 4588 potuisse,
374 4502 548 4568 uerisimile
576 4523 642 4567 non
664 4511 718 4571 est.
766 4501 978 4576 Quamobrem
1000 4504 1082 4586 quin
1099 4501 1239 4588 proloyo
1262 4503 1301 4567 de
1325 4501 1555 4568 Cltlotacbario
1577 4502 1736 4566 narranti
1749 4499 1850 4582 fidem

192 4607 345 4689 tribuam,
358 4606 477 4692 facere
499 4629 566 4672 non
584 4628 729 4693 possum.

144 4734 172 4773 ro
297 4709 413 4796 Leqem
434 4711 539 4796 iqitar
554 4732 575 4772 a
592 4708 767 4794 Lantfrido
791 4708 872 4772 duce
894 4708 1018 4792 datam,
1041 4732 1062 4773 a
1077 4731 1151 4795 reae
1166 4709 1372 4774 Francorum
1394 4710 1430 4773 in
1447 4717 1603 4774 corraeutu
1618 4711 1715 4795 reyni
1736 4707 1851 4790 conflr-

193 4822 314 4877 matam
336 4836 413 4897 esse,
435 4813 591 4878 existimo.
638 4811 717 4878 Cum
738 4820 845 4875 autem
860 4811 1075 4897 Lantfridum
1090 4813 1202 4896 filium
1218 4811 1397 4897 Godofridi
1418 4815 1504 4877 inter
1522 4835 1629 4877 annos
1645 4810 1717 4877 709.
1737 4820 1764 4875 et
1779 4810 1851 4876 730.

193 4917 347 4981 ducatum
363 4917 627 4982 Alamannorum
644 4915 795 4980 babuisse
810 4925 839 4980 et
856 4915 1119 4981 CIdotacbariam
1135 4917 1193 4981 IV.
1210 4916 1250 4982 ab
1267 4939 1356 4982 anno
1372 4916 1443 4984 717.
1460 4939 1561 5003 usque
1577 4917 1622 4980 ad
1638 4939 1763 4981 aurnum
1779 4915 1851 4979 719.

192 5043 293 5107 reqno
315 5021 521 5086 Francorum
538 5019 728 5104 praefuisse
751 5027 879 5100 constet,
909 5021 1137 5086 coniciendum
1167 5029 1221 5104 est,
1251 5021 1366 5107 Leaem
1395 5023 1480 5086 inter
1507 5041 1613 5086 annos
1636 5019 1707 5087 717.
1730 5029 1758 5082 et
1778 5018 1850 5089 719.

193 5135 298 5190 ortam
320 5147 395 5191 esse.

144 5251 174 5295 es
298 5229 367 5292 Len·
381 5228 645 5293 Alamannorum
665 5228 702 5291 in
725 5235 790 5290 tres
809 5235 923 5310 parter
945 5227 1055 5292 divisa
1077 5250 1143 5292 csse
1157 5229 1295 5292 uidetur.
1338 5227 1560 5293 Inueniuntur
1579 5229 1665 5292 enim
1686 5230 1723 5292 in
1747 5228 1850 5291 omni·

193 5334 251 5396 bus
274 5331 450 5412 codicibus,
478 5355 535 5395 nec
558 5354 624 5395 non
647 5332 684 5394 in
705 5331 760 5412 iis,
789 5331 847 5415 qni
868 5339 896 5392 et
917 5331 1027 5394 indice
1049 5339 1077 5394 et
1097 5332 1241 5397 rubricis
1262 5333 1298 5395 in
1321 5341 1407 5396 teatu
1432 5340 1554 5412 carent,
1581 5331 1668 5394 duae
1689 5331 1850 5395 rubricae.

195 5434 302 5500 Titulo
324 5433 446 5502 XXIII.
465 5435 692 5520 praemittitur
712 5434 865 5498 rubrica:
894 5432 946 5497 De
976 5435 1092 5518 causis,
1122 5457 1204 5522 quae
1224 5433 1266 5499 ud
1289 5433 1403 5500 ducem
1425 5437 1596 5522 pertinent,
1622 5432 1714 5498 titulo
1737 5432 1849 5496 XLIV.

193 5538 345 5604 rubrica:
361 5537 413 5602 Dc
429 5539 545 5621 causis,
561 5559 643 5624 quae
655 5558 753 5624 saepe
765 5538 949 5623 contingere
960 5535 1063 5602 solent
1074 5539 1106 5601 in
1120 5537 1250 5625 populo.
1286 5537 1387 5606 Tituli
1400 5541 1505 5626 iyitur
1519 5537 1682 5603 I-XXII.
1695 5538 1850 5622 primam,

303 5753 330 5823 l)
361 5750 422 5820 Osr.
446 5752 484 5811 H.
508 5753 641 5806 Bruaner
665 5751 685 5808 l.
709 5771 733 5807 c.
750 5771 781 5822 p.
801 5751 858 5806 164
874 5769 932 5822 sqq.
1040 5751 1071 5823 2)
1098 5754 1137 5809 Η.
1161 5754 1292 5808 Brunuer
1317 5755 1336 5809 l.
1361 5773 1384 5807 c.
1405 5772 1435 5825 p.
1455 5753 1512 5808 166
1528 5771 1587 5825 sqq.
1610 5759 1635 5808 et
1658 5753 1707 5808 ‘D.
1731 5743 1803 5806 tta?
1825 5749 1850 5818 I,

146 5864 175 5910 a
189 5875 222 5928 p.
246 5856 318 5911 310.
341 5855 412 5910 311.
498 5853 529 5926 a)
550 5855 599 5910 m.
623 5851 736 5910 Arcam
757 5855 796 5924 x,
813 5875 846 5927 p.
870 5853 941 5911 474.

266 5967 323 6018 LL.
343 5967 412 6017 Seet.
434 5967 454 6017 l.
476 5967 508 6019 V.
1602 5970 1619 6020 2
