4598 6436
877 1628 1117 1726 [Tirones
1143 1629 1209 1726 n]

434 1819 484 1872 DE
510 1787 676 1874 DUOIBUS
700 1807 757 1872 ΕΤ
780 1808 887 1873 EIUS
911 1819 1054 1888 OAUSIS,
1080 1819 1186 1889 QUAE
1211 1818 1264 1873 AD
1291 1805 1391 1870 EUM
1414 1815 1640 1873 PERTINENT.

461 1968 488 2032 Ι.
526 1962 580 2052 [si
611 1969 707 2051 quis
739 1970 789 2034 ds
820 1973 956 2034 morte
990 1969 1114 2033 dueis
1145 1966 1413 2032 consiliatus
1443 1963 1629 2062 fuerit]¹

319 2104 350 2158 si
375 2103 435 2174 qui·
460 2109 556 2158 eontra
581 2104 680 2159 dneem
706 2114 806 2157 suum
837 2114 938 2177 quem
969 2114 1027 2158 rex
1058 2093 1231 2157 ordInavit
1262 2091 1298 2153 in
1329 2090 1505 2175 provincia
1535 2089 1598 2153 illa
1627 2092 1690 2153 out
1719 2088 1866 2174 populus

178 2223 190 2262 s
214 2200 278 2264 sibi
302 2198 447 2283 elegerit
469 2201 602 2277 ducem,
627 2200 670 2265 de
694 2215 783 2266 morte
808 2201 881 2265 eins
905 2211 1063 2268 consiliatus
1076 2211 1159 2266 suerit
1171 2215 1198 2266 et
1211 2209 1311 2264 exinde
1326 2211 1459 2280 probatus
1480 2217 1606 2281 negare
1624 2219 1695 2262 non
1719 2201 1834 2282 potest
1844 2197 1865 2274 ¹,
1946 2275 1955 2292 .

214 2308 250 2369 in
274 2305 370 2370 ducis
394 2308 440 2370 sit
463 2310 636 2390 potestate
659 2307 762 2372 homo
786 2307 846 2372 ille
871 2311 907 2372 et
929 2307 1003 2371 vita
1025 2306 1119 2371 illius
1144 2323 1171 2372 et
1196 2335 1239 2372 res
1264 2317 1321 2372 eius
1347 2317 1505 2372 infiscentur
1520 2306 1557 2369 in
1581 2304 1718 2388 publico
1728 2305 1748 2366 ².

302 2611 359 2710 Ed.
377 2650 503 2711 Rottari
537 2653 564 2712 1.
589 2653 621 2711 Si
647 2653 718 2728 quis
737 2650 881 2710 hominum
905 2656 1014 2710 eontra
1158 2649 1196 2708 L.
1213 2650 1309 2708 Alam.
1323 2647 1451 2707 XXIII.
1475 2649 1527 2706 De
1546 2649 1681 2708 causis
1701 2665 1800 2724 quae
1819 2650 1865 2706 ad

214 2758 341 2816 arcina-am
363 2758 440 2832 repis
461 2758 627 2833 eoyitaverit
644 2762 695 2816 aet
713 2759 934 2828 consiliaverit,
951 2759 1015 2816 ani·
1071 2759 1211 2816 ducem
1238 2758 1460 2832 pertinent.
1508 2755 1541 2812 Si
1565 2757 1634 2830 quis
1658 2753 1765 2829 aliquis
1786 2755 1867 2814 hereo

1885 2071 2046 2122 Ed.Both.l,4.

1913 2130 1939 2170 L.
1947 2127 2018 2167 Aleon.

1920 2181 2004 2222 XXIII
2008 2209 2012 2219 .

217 2882 285 2922 mae
307 2881 376 2922 serae
398 2865 532 2924 ienerrat
553 2865 717 2940 periodum
747 2869 780 2922 et
806 2882 856 2923 res
880 2867 948 2924 eins
970 2867 1014 2922 in·
1070 2864 1101 2922 ie
1125 2868 1259 2923 mortem
1283 2863 1349 2922 duci
1373 2864 1558 2921 consiliatus
1581 2862 1678 2920 fuerit
1701 2866 1733 2920 et
1755 2863 1868 2920 exinde
1925 2902 1928 2910 ·

174 2990 195 3026 ιο
216 2972 375 3029 fiseentur.
394 3013 401 3028 .
420 3013 453 3028 ..
494 2973 524 3031 4.
545 2972 658 3046 Siquis
675 2973 824 3030 inimicos
843 2973 925 3031 intra
949 2991 1014 3048 pro·
1042 2943 1045 2986 Ι
1071 2971 1232 3047 probatus,
1257 2974 1308 3029 aut
1329 2969 1418 3027 vitam
1442 2969 1488 3028 det
1509 2973 1560 3028 ant
1582 2986 1611 3028 se
1640 2967 1773 3038 redimat,
1796 2967 1869 3026 sieut

216 3079 316 3136 vintia
332 3079 514 3137 invitaverit
533 3084 584 3137 aut
598 3079 802 3148 iotrodeaeerd,
820 3079 934 3138 aristae
948 3097 1017 3138 serae
1071 3077 1132 3136 dux
1165 3083 1216 3136 aut
1244 3077 1382 3152 princeps
1410 3076 1515 3151 pepedi
1549 3075 1748 3144 iudicavere'ed,
1783 3079 1809 3134 et
1843 3076 1869 3134 se·

219 3185 350 3244 inererat
365 3185 529 3258 pericolum
555 3174 598 3244 set
622 3204 670 3244 res
694 3188 762 3244 eius
786 3174 974 3258 infiscentur]
1071 3185 1172 3243 iurare
1193 3184 1325 3253 volueret,
1359 3201 1422 3243 eum
1444 3182 1518 3242 XII
1540 3182 1699 3243 nominatos
1729 3183 1805 3241 iuret
1838 3181 1869 3240 in

1071 3291 1188 3350 ecelesia
1210 3309 1307 3351 coram
1330 3291 1398 3350 duee
1421 3295 1472 3349 αιᾶ
1495 3290 1541 3349 eui
1564 3290 1613 3349 ille
1635 3289 1755 3348 miserit.

218 3473 1228 3490 ---—A—.-—-.--.-—.——--—-.—*-—-—-—...-.-.—.

327 3638 472 3690 rerem
490 3637 537 3692 11.
570 3637 650 3690 eoen
670 3638 722 3704 An,
742 3639 794 3705 Ay,
813 3639 875 3704 ire,
896 3638 950 3703 In.
971 3638 1004 3704 s,
1022 3637 1072 3702 ne,
1092 3637 1155 3702 nos,
1176 3638 1223 3704 ce,
1243 3638 1295 3705 ἄρ,
1315 3638 1349 3702 e,
1369 3638 1426 3702 ew,
1445 3638 1482 3702 n,
1501 3638 1569 3704 Her,
1587 3636 1618 3704 J,
1637 3635 1693 3702 ἄιε,
1713 3637 1749 3703 K,
1766 3636 1798 3702 s,
1815 3636 1870 3702 ny,
1924 3603 1925 3606 '

176 3741 199 3780 ie
218 3727 267 3792 Mt,
285 3728 316 3792 P,
335 3725 382 3792 eP,
400 3727 472 3792 Ss'ch,
493 3728 524 3792 T,
547 3728 599 3794 Til,
619 3728 648 3793 V,
668 3727 707 3782 W.
734 3729 743 3794 ΙΙ
769 3728 786 3782 l.
805 3727 830 3782 l.
856 3725 975 3795 Ospss.
999 3727 1065 3782 Her.
1108 3726 1225 3778 Titulum
1252 3743 1306 3778 noes
1331 3728 1474 3792 distinerent
1496 3727 1562 3787 T2,·
1587 3728 1616 3778 e’n
1641 3728 1708 3778 duos
1732 3725 1823 3777 titulos
1840 3723 1871 3778 ΙΙ

219 3823 241 3866 et
260 3813 305 3868 III
324 3816 375 3880 dre.
396 3817 461 3871 Her.

324 3905 445 3956 Rubriae
463 3905 536 3958 tetuli
553 3905 621 3957 deest
639 3905 691 3971 Ad,
711 3906 767 3971 My,
789 3905 815 3957 Τ
823 3909 858 3968 2,·
882 3906 950 3958 deest
973 3906 1018 3957 sed
1042 3921 1076 3960 m.
1096 3906 1239 3957 recentiore
1260 3905 1356 3955 addita
1375 3904 1429 3956 All.
1462 3907 1470 3970 Η
1502 3904 1519 3958 I.
1537 3902 1562 3957 2.
1589 3903 1658 3956 duce
1678 3904 1726 3969 Bb,
1746 3903 1793 3970 Ch,
1814 3903 1870 3968 Gw,

218 3995 246 4060 J,
265 3993 389 4049 P2-4.
470 3997 498 4046 et
516 4025 550 4033 -
568 3992 716 4062 pertinent]
740 3995 834 4046 dement
852 3994 889 4050 H.
970 3992 1036 4063 eius]
1061 3995 1131 4046 deest
1150 3993 1212 4058 Ald,
1233 3993 1289 4057 Gw,
1308 3993 1375 4056 Her,
1395 3991 1452 4058 ἄϊε,
1470 3992 1550 4055 Sic&
1575 3991 1617 4044 his
1634 3992 1678 4055 W,·
1702 4007 1796 4046 eorum
1818 3992 1869 4046 Τᾶ,

219 4097 327 4134 cansam
347 4082 413 4144 Ρ6,·
438 4082 538 4135 caussis
556 4083 622 4138 Her.
709 4081 775 4150 qnid
794 4082 862 4147 P6,·
887 4082 934 4151 qui
952 4084 983 4137 L.
1066 4083 1113 4150 qui
1131 4114 1166 4123 -
1185 4082 1333 4151 pertinent]
1352 4081 1445 4134 desunt
1463 4082 1527 4144 Ale
1553 4079 1588 4134 ed
1607 4096 1653 4133 eos
1671 4079 1872 4149 pertinentibus

175 4186 201 4224 ro
220 4171 282 4235 Ald,
301 4169 356 4222 le.
429 4187 475 4224 eos
494 4171 561 4237 Her,
579 4172 651 4238 seh,
673 4171 724 4237 Til,
743 4173 781 4227 W.
854 4171 974 4239 pertinet
992 4172 1025 4226 L.

327 4259 392 4326 Cap.
411 4260 435 4314 1.
462 4264 491 4312 in
515 4261 569 4312 duo
594 4263 685 4327 capita
710 4258 725 4312 I
750 4265 774 4312 et
799 4257 830 4312 II
855 4262 972 4313 divisum
996 4262 1063 4316 Her.
1095 4264 1104 4326 ΙΙ
1136 4263 1153 4316 l.
1171 4259 1196 4316 3.
1224 4260 1248 4329 I]
1274 4261 1341 4312 deest
1360 4262 1412 4326 Ay,
1430 4261 1486 4324 Ale,
1508 4259 1540 4327 G,
1560 4259 1593 4323 L,
1612 4259 1670 4325 Po,
1688 4258 1733 4323 sP,
1755 4258 1804 4314 Te
1822 4262 1870 4323 (m.

217 4350 345 4416 prima)‚·
369 4365 429 4418 esp.
448 4348 463 4402 Ι
483 4350 533 4417 Bb,
550 4350 620 4412 P4,·
645 4348 831 4415 Tit.1He·,·
855 4347 1317 4417 XIIHAa,Ae1,Je,M9,Me
1399 4348 1517 4402 Remea
1536 4354 1622 4400 exuat
1641 4349 1669 4399 in
1688 4348 1719 4412 L,
1739 4347 1795 4412 Po,
1819 4347 1870 4402 Τᾶ.

220 4441 338 4490 mortem
357 4440 388 4493 L.
454 4437 647 4492 comsiliaverit
664 4439 706 4501 L,·
725 4437 907 4492 consiliaverit
925 4438 982 4494 Po.
1015 4441 1024 4505 ΙΙ
1055 4440 1073 4495 l.
1089 4438 1115 4493 4.
1134 4437 1173 4507 Si]
1193 4438 1243 4495 ..i
1263 4439 1317 4494 Ale.
1381 4437 1490 4505 ducem]
1512 4434 1669 4490 iudicem
1687 4437 1732 4492 eP.
1793 4453 1872 4489 suum

221 4529 288 4580 deest
301 4527 350 4582 Bb.
405 4528 616 4597 quem]be'lee.
665 4527 703 4598 in]
717 4528 940 4596 euperem.
990 4530 1046 4595 sut]
1060 4545 1094 4582 m.
1107 4532 1237 4580 reconem·
1248 4529 1309 4583 add.
1324 4545 1406 4596 quem
1422 4529 1489 4591 T1.·
1507 4530 1538 4579 ut
1550 4527 1594 4582 eP.
1650 4525 1825 4594 eutpopulus
1840 4555 1873 4566 —

178 4619 310 4692 sonmorte
329 4615 386 4669 eius
405 4618 500 4668 desunt
518 4618 588 4674 seeo.
660 4617 737 4686 plebs
756 4619 788 4672 L.
821 4620 830 4685 lt
861 4619 879 4673 t.
897 4617 921 4672 5.
947 4616 999 4670 sibi
1018 4615 1101 4686 elegit
1119 4617 1156 4683 K,
1174 4617 1242 4680 P4;
1266 4616 1349 4686 elegit
1367 4619 1441 4680 Her,·
1466 4615 1582 4686 elegerit
1599 4615 1650 4669 sibi
1669 4615 1709 4671 W.
1776 4613 1874 4668 ducem

222 4705 290 4758 deest
310 4705 352 4768 G,·
370 4703 469 4759 ducem
489 4721 551 4759 oum
571 4707 719 4760 surrexerit
738 4707 809 4770 Aen·
828 4705 855 4764 d.
874 4724 937 4759 eum
953 4704 1104 4759 ‘sunexerit
1123 4709 1151 4759 et
1169 4705 1223 4762 Jzz.
1279 4705 1336 4760 eius
1355 4708 1423 4758 deest
1442 4706 1488 4761 Ch.
1544 4704 1657 4760 consilia
1670 4704 1792 4773 eoeperit
1803 4705 1874 4761 sset.

223 4796 251 4848 et
269 4793 368 4848 exinde
386 4795 527 4865 probatus]
547 4797 642 4849 desunt
660 4797 713 4860 sP,·
738 4795 837 4850 exinde
854 4794 986 4864 probatus
1005 4795 1067 4862 Ep;
1092 4798 1120 4848 et
1138 4794 1237 4849 exinde
1255 4794 1387 4864 probatus
1405 4795 1488 4848 fuerit
1508 4799 1536 4849 et
1553 4797 1610 4861 Ale,
1630 4796 1656 4847 T
1662 4798 1688 4860 2,
1704 4795 1748 4858 W;
1766 4797 1794 4848 et
1812 4811 1876 4848 oon·

223 4883 311 4937 vietus
329 4884 400 4936 Stet.
467 4884 533 4955 non]
552 4886 646 4939 deest
665 4887 714 4953 Mt,
732 4886 802 4951 Ρ6,·
819 4903 854 4942 m.
873 4900 924 4940 ree.
944 4885 1006 4940 add.
1025 4885 1073 4940 Mt.
1140 4884 1242 4952 poterit
1259 4885 1361 4951 cren,
1380 4885 1445 4950 Her,
1464 4885 1532 4948 Tm·
1550 4883 1671 4954 potuerit
1686 4884 1723 4950 K,
1739 4885 1784 4950 sP,
1798 4885 1876 4948 Sedu

223 4972 312 5039 potuit
331 4973 364 5028 L.
396 4975 406 5040 t!
437 4975 455 5029 l.
472 4973 499 5030 t.
526 4973 612 5044 dnon]
637 4974 753 5028 iudici
772 4975 837 5042 Im,-
861 4973 958 5026 iudicis
976 4974 1025 5029 Mt.
1097 4976 1233 5042 potestate
1259 4973 1294 5025 sit
1312 4975 1375 5038 Ald,
1395 4975 1449 5028 ἄιε.
1522 4976 1686 5050 potestatem
1704 4975 1737 5040 L,
1757 4974 1812 5040 My,
1831 4975 1876 5030 eP.

181 5073 207 5113 so
225 5059 305 5130 iltius]
325 5060 409 5130 ipsius
427 5063 491 5130 Ald,
508 5063 573 5126 seu
598 5063 656 5117 eius
672 5064 721 5132 eP,
739 5064 820 5126 see·
845 5063 903 5116 eins
921 5062 964 5115 vel
983 5062 1056 5116 illius
1076 5063 1132 5118 Gw.
1223 5067 1252 5116 et
1269 5095 1304 5102 —
1323 5062 1443 5131 publico]
1468 5061 1496 5114 in
1522 5061 1634 5130 publico
1653 5065 1681 5116 st
1699 5079 1742 5116 res
1761 5062 1818 5116 eius
1836 5063 1876 5116 in·

224 5147 355 5203 fisoentur
373 5152 404 5206 L.
460 5151 526 5220 eius]
546 5153 614 5206 deest
632 5155 674 5216 W,-
691 5152 765 5206 illius
783 5154 835 5216 eP,·
861 5155 952 5206 sutem
972 5151 1030 5205 eius
1047 5152 1118 5208 Siclr.
1190 5152 1357 5205 invisoentur
1381 5154 1406 5204 Τ
1413 5157 1437 5207 2.
1511 5151 1539 5203 in
1557 5151 1668 5220 publico
1686 5154 1780 5204 desunt
1799 5153 1878 5215 Sedu

226 5237 253 5291 in
272 5239 383 5309 puplico
401 5241 457 5308 All,
475 5242 505 5308 J,
523 5241 581 5298 P3.

336 5460 366 5536 l)
388 5465 499 5524 Eadem
523 5467 651 5537 serenda
673 5465 808 5540 erepraI,
829 5465 886 5534 10,·
910 5467 947 5535 cf.
971 5467 1015 5524 W.
1032 5465 1070 5524 E.
1094 5465 1201 5536 dea,
1221 5463 1395 5536 ‘Strasreett
1411 5465 1462 5524 der
1483 5463 1658 5523 Germanen’
1677 5483 1709 5538 p.
1729 5463 1792 5524 988
1805 5483 1879 5540 sqq,

168 5636 171 5644 ¹
228 5569 269 5628 H.
293 5573 442 5642 Benene,
467 5571 589 5632 ‘DRGJ
614 5572 655 5631 II
662 5567 682 5644 ¹,
702 5591 734 5646 p.
754 5572 828 5647 688.
939 5563 970 5650 2)
1003 5573 1050 5642 Cf.
1075 5572 1115 5631 K.
1137 5571 1267 5642 Zenmer,
1293 5570 1396 5630 ‘Neues
1418 5569 1540 5630 Aretiv’
1564 5570 1684 5640 XXIV,
1707 5589 1741 5646 p.
1759 5571 1879 5647 59⁸I·;

185 5699 210 5738 ss
229 5676 269 5736 H.
294 5677 442 5748 Breviter,
474 5677 739 5755 ‘Siteunpsberictte
770 5680 822 5752 der
851 5679 1007 5739 Alcedemie
1038 5680 1090 5739 der
1118 5679 1357 5749 Wissensdzeften
1392 5697 1427 5738 ze
1456 5676 1575 5738 Berlin'
1609 5679 1712 5749 1901.
1737 5699 1770 5754 p.
1797 5679 1880 5752 938,-

229 5783 266 5844 Ε.
282 5803 309 5844 r.
329 5783 470 5856 Setuind,
496 5785 602 5846 ‘Neues
630 5785 748 5846 Arctiv’
772 5785 933 5856 XXXIII,
960 5804 993 5860 p.
1012 5785 1153 5860 613sq.;
1184 5788 1222 5856 ef.
1254 5785 1340 5846 etiam
1370 5785 1453 5858 irzfra
1482 5805 1506 5846 e.
1526 5785 1573 5855 II,
1594 5787 1624 5856 2.
1652 5804 1684 5861 p.
1702 5785 1777 5858 293,
1797 5805 1830 5850 ee.
1849 5788 1879 5844 6.

232 5891 402 5964 Confiseatio
424 5895 560 5954 bonorum
584 5913 620 5953 er
643 5894 700 5969 teye
721 5893 929 5969 Vise'yothornm
952 5897 1066 5966 sumpte
1090 5910 1148 5952 esse
1169 5891 1292 5953 videtur.
1616 5921 1667 5976 37*
