4598 6436
451 469 514 528 266
728 500 731 506 ·
1071 467 1152 524 LEX
1175 466 1492 526 BAIWARIORUM.

1948 563 2012 616 hm
2027 565 2110 618 adnuo

508 659 674 724 XXXVI.
707 659 758 724 De
783 679 823 723 eo
847 657 990 722 muliera
1013 658 1073 740 qui
1096 658 1169 722 aine
1194 657 1283 722 filios
1307 661 1343 722 et
1366 657 1453 721 filias
1478 660 1614 722 mortua
1637 660 1699 722 eat.
1952 657 2026 734 XV,
2055 663 2107 722 10.

488 765 674 829 XXXVII.
708 765 755 830 Ui
778 764 914 829 nullum
938 763 1085 830 liberum
1110 763 1214 829 liceat
1237 765 1402 830 inservire
1426 764 1500 829 aiae
1523 763 1663 828 mortali
1685 763 1838 829 erimine.
1945 763 2025 842 VH,
2052 769 2083 828 5.

468 871 675 936 XXXVIII.
710 872 762 936 De
786 876 889 954 paona
912 871 966 936 vel
989 871 1148 955 plaoiia.
1929 871 2025 949 XVI,
2053 878 2105 937 16.

448 975 675 1043 XXXVHII.
709 979 761 1043 De
784 978 946 1043 incendia
969 979 1149 1043 domorum
1174 981 1209 1043 ot
1233 978 1384 1042 minimIs
1408 978 1562 1064 odifioiia.
1983 979 2025 1042 X.

601 1085 674 1148 XL.
709 1085 761 1150 Da
783 1086 914 1149 vihiatia
937 1083 1154 1162 animalibus,
1179 1085 1350 1168 quomodo
1374 1081 1519 1170 oonpofi.
1927 1084 2024 1148 XIV.
2127 1116 2141 1156 a

581 1191 675 1255 XLI.
710 1192 762 1256 De
786 1192 1023 1276 campionibus
1047 1192 1107 1276 qui
1130 1193 1174 1256 ad
1198 1211 1256 1256 eoa
1280 1192 1494 1276 pertingunt.
1887 1191 2025 1255 XVIII.

560 1298 674 1363 XLII.
710 1299 762 1363 De
785 1298 839 1362 his
863 1299 923 1382 qui
946 1299 1119 1383 propriam
1143 1298 1280 1363 alodem
1303 1299 1469 1363 vendunt.
1933 1298 2029 1374 XVI,
2052 1305 2104 1364 17.

536 1405 671 1470 XLIII.
691 1405 758 1490 De
782 1406 928 1470 morium
951 1411 987 1470 ot
1010 1426 1129 1470 eorum
1152 1405 1398 1488 oonposiiione.
1926 1405 2025 1468 XIX.

519 1512 673 1576 XLIIII.
707 1512 760 1577 De
784 1513 864 1575 navi
887 1512 1031 1577 alterius
1054 1513 1114 1597 qui
1137 1508 1241 1577 talei.
2051 1519 2082 1576 9.

566 1618 672 1684 XLV.
706 1619 758 1683 De
781 1619 925 1683 canibus
949 1624 985 1684 et
1008 1639 1127 1684 eorum
1150 1619 1397 1704 conpositione.
1947 1619 2025 1683 XX.
2126 1647 2153 1688 ιο

547 1725 671 1790 XLVI.
707 1725 759 1791 De
782 1726 1007 1809 accipitribus
1031 1729 1067 1791 et
1090 1724 1167 1789 aliia
1191 1726 1321 1790 avibus.
1925 1725 2023 1790 XXI.

526 1831 672 1897 XLVII.
708 1832 760 1898 De
783 1833 944 1918 pomariis
968 1836 1004 1898 et
1027 1853 1146 1898 eornm
1169 1831 1417 1918 conpositione.
1904 1833 2023 1908 XXII,
2052 1838 2080 1897 l.

708 1939 762 2004 Do
785 1944 872 2004 orio.
1960 1939 2022 2018 IX,
2051 1945 2102 2004 18.

508 2045 674 2110 XLVIII.
707 2046 759 2111 De
782 2067 933 2112 nemora.

636 2153 674 2216 L.
708 2153 762 2218 Do
784 2154 883 2218 favis.
2049 2160 2079 2218 4.
2123 2181 2150 2224 io

616 2259 673 2323 LI.
707 2261 759 2325 De
784 2260 904 2324 milam
928 2260 983 2324 vel
1007 2261 1128 2344 pirum.
2049 2265 2078 2324 5.

592 2366 671 2430 LII.
706 2367 759 2432 Da
782 2367 914 2452 apibus.
2049 2372 2080 2430 8.

573 2473 673 2538 LIII.
710 2473 761 2538 De
782 2474 941 2539 terminia
963 2475 1085 2557 ruptis.
1940 2474 2023 2538 XII.

553 2579 672 2644 LIIII.
707 2581 760 2646 De
784 2580 1053 2644 oonmarohanis.
1940 2581 2024 2658 XII,
2049 2587 2079 2645 4.
