4634 6420
637 503 761 571 isoes
784 505 1101 577 mnnnnnonun.
1125 548 1166 562 -
1188 503 1421 576 consessio.
1835 485 1856 572 b

191 685 277 772 Leqi
292 687 555 753 Alamannorum
570 694 740 756 contextim
756 693 929 760 subiectum
945 706 998 764 est.
1045 694 1154 771 Quare
1176 699 1310 762 dubium
1332 719 1398 761 csse
1419 716 1484 760 non
1502 703 1616 780 potest,
1638 695 1719 781 quin
1735 693 1856 757 Pactus

189 791 249 853 ius
272 793 379 877 qentis
402 791 663 860 Alamannorum
685 801 857 863 contineat.

305 913 508 980 Vetustiorcm
532 924 647 998 autem,
678 941 776 1004 qnam
799 919 913 1007 quem
935 920 1208 1004 Alamannorum,
1231 923 1365 987 Pactum
1387 942 1462 1002 esse,
1486 941 1576 984 nemo
1599 928 1700 1006 neqet.
1743 916 1855 983 Seruo

192 1017 377 1102 antiquior,
401 1020 545 1084 actiones
566 1023 674 1106 maqis
696 1024 781 1086 iuris
803 1024 955 1109 symbolis
978 1035 1125 1110 ornatae,
1148 1026 1229 1110 lepis
1242 1023 1411 1109 formulae
1432 1024 1540 1108 mapis
1555 1024 1701 1109 priscae.
1743 1021 1856 1107 Neque

155 1142 171 1184 s
191 1121 304 1184 minus
326 1122 362 1185 in
380 1123 454 1206 ipsa
469 1126 608 1189 rnateria
624 1126 806 1210 antiquitas
820 1126 915 1191 Paeti
929 1137 1078 1212 apparet.
1122 1129 1310 1193 Dimittitur
1331 1149 1442 1191 servus
1463 1129 1510 1190 ‘in
1527 1127 1613 1190 beris
1627 1124 1856 1212 qenerotione',

188 1223 305 1308 puello
327 1225 528 1310 desponsata
550 1228 676 1311 emitur,
699 1229 779 1293 ordo
793 1229 933 1294 'litorum
957 1231 1065 1296 adbuc
1087 1233 1183 1318 uiqet,
1204 1240 1350 1297 mortuus
1369 1232 1406 1294 in
1426 1239 1514 1294 terro
1532 1229 1677 1315 propria
1691 1225 1856 1312 sepelitur,

191 1335 321 1391 moneta
345 1330 485 1415 antiqua
506 1331 679 1417 saiqarum
700 1332 737 1398 in
760 1354 822 1395 usu
845 1342 899 1398 cst.

305 1449 406 1514 Ortus
427 1474 492 1515 esse
514 1452 643 1516 uidetur
665 1452 786 1518 Pactus
808 1455 876 1519 iam
898 1464 975 1519 tuac
997 1457 1163 1541 temporis,
1185 1477 1248 1542 quo
1269 1477 1407 1540 reqnum
1429 1455 1694 1539 Meroninqorum
1716 1453 1753 1517 in
1776 1451 1855 1516 Ala·

170 1555 335 1616 'mannia
357 1554 491 1635 firmum
521 1563 550 1618 et
577 1565 692 1641 potens
719 1567 798 1620 erat.
847 1557 937 1622 Nam
966 1559 1149 1632 auctoritas
1172 1560 1279 1643 prisci
1306 1559 1393 1622 iuris
1420 1557 1625 1622 Francorum
1654 1557 1857 1641 manimeque

141 1678 171 1716 rc
192 1656 280 1718 iuris
302 1654 412 1722 Solici
438 1658 474 1720 in
503 1679 649 1723 sermone
676 1669 703 1722 ct
729 1661 868 1724 materia
889 1661 985 1725 Paeti
1013 1663 1121 1746 maqis
1143 1663 1323 1746 conspicua
1346 1669 1391 1725 cst
1413 1683 1511 1747 quam
1532 1661 1569 1724 in
1591 1659 1683 1744 Leqc.
1735 1658 1856 1723 Verba:

192 1760 380 1843 ‘inqenuus,
403 1759 493 1840 baro,
514 1769 647 1848 teaeaqo,
669 1763 869 1848 minostidus,
891 1765 1045 1849 battutas,
1066 1759 1261 1850 procreatio,
1284 1764 1372 1848 quod
1389 1787 1452 1848 per
1471 1763 1539 1849 teqe
1555 1762 1702 1846 obtinqit,
1725 1760 1810 1845 quod
1826 1760 1858 1823 ei

193 1861 338 1945 amplius
359 1884 424 1926 non
444 1863 587 1948 redebet’,
608 1865 805 1930 Francicom
830 1869 990 1953 oriqinem
1006 1890 1091 1952 prae
1112 1890 1146 1932 sc
1159 1868 1309 1953 scrunt1,
1330 1869 1550 1932 iuramentum
1571 1869 1654 1930 ‘curn
1671 1865 1710 1928 12
1732 1864 1857 1928 medius

193 1961 319 2028 electus'
341 1967 377 2030 in
393 1965 475 2052 Leqc
491 1965 605 2032 Salica
628 1977 657 2030 et
679 1971 921 2053 capitularibus
944 1973 1246 2058 antiquissimorum
1265 1993 1378 2057 requm
1394 1970 1598 2034 Francorum
1620 1969 1785 2052 reperitur
1795 1978 1814 2027 ¹.

302 2085 380 2152 Cum
401 2090 454 2153 ius
469 2087 564 2153 Paeti
582 2089 711 2174 valeret,
733 2093 801 2155 iam
816 2091 903 2174 fides
925 2093 1111 2157 christiana
1132 2097 1167 2158 in
1185 2092 1392 2157 Alamannia
1413 2091 1551 2176 niqebot,
1574 2091 1654 2176 quia
1676 2090 1712 2151 in
1725 2087 1856 2173 fraqm.

141 2211 170 2250 ss
194 2187 240 2270 II,
261 2189 312 2253 45.
337 2189 484 2254 dimissio
514 2194 599 2256 serui
629 2194 665 2256 in
694 2192 828 2259 ecclesia
855 2218 926 2260 cum
955 2197 1146 2261 dimissione
1170 2199 1206 2260 in
1233 2197 1320 2261 beris
1341 2195 1551 2282 qeneratione
1572 2193 1747 2257 concurrit.
1791 2189 1858 2256 Sed

188 2293 382 2376 puqanicas
409 2297 655 2378 superstitiones
682 2306 759 2361 tunc
787 2301 940 2381 temporis
968 2300 1002 2363 in
1033 2301 1190 2364 memoria
1213 2300 1323 2386 fuisse
1356 2307 1385 2362 et
1416 2301 1468 2380 ἐᾷ.
1497 2297 1548 2361 31.
1575 2297 1626 2360 33.
1650 2295 1780 2380 fraqm.
1810 2293 1856 2358 II.

194 2393 317 2474 docent,
340 2418 423 2480 quae
441 2397 628 2481 deseminis
642 2401 781 2484 maqicis
797 2410 825 2464 et
839 2400 989 2483 veneficis
1005 2411 1159 2485 tractant,
1175 2413 1203 2468 et
1217 2408 1247 2486 ᾗ.
1263 2404 1313 2467 42.
1327 2401 1459 2487 frapm.
1477 2399 1522 2482 II,
1537 2403 1567 2481 ἐ.
1583 2399 1633 2463 22·
1648 2398 1777 2484 fraqm.
1792 2396 1857 2480 ῙῙῙ,

193 2520 278 2581 quae
295 2520 509 2584 pnqanorum
531 2501 709 2586 sepeliendi
729 2503 859 2568 modurn
880 2508 1041 2590 respicere
1063 2506 1227 2570 uidentur.

303 2617 426 2692 Quibus
455 2645 495 2684 cu
522 2626 634 2688 caus-is
657 2624 791 2690 Pactum
818 2627 915 2690 initio
938 2628 1068 2711 septimi
1095 2627 1220 2692 soeculi
1242 2635 1347 2690 ortum
1369 2647 1434 2688 esse
1456 2625 1609 2689 concludi
1626 2631 1741 2708 potest.
1786 2621 1856 2685 Hoc

140 2744 172 2783 so
192 2723 278 2786 enim
300 2732 438 2808 tempore
459 2749 596 2812 reqnum
611 2727 877 2814 Merooinqorum
899 2732 936 2794 in
958 2729 1165 2794 Alamannia
1187 2732 1427 2807 inconcussum,
1451 2727 1570 2792 ducum
1594 2726 1856 2791 Alamannorum

187 2835 334 2910 potestas
349 2830 482 2912 eciqua,
506 2833 685 2895 auctoritas
701 2833 788 2896 iuris
803 2830 911 2897 Salici
926 2834 1032 2917 iqitur
1045 2856 1171 2919 maqna
1193 2855 1258 2897 esse
1276 2833 1403 2917 potuit;
1418 2830 1506 2914 fides
1528 2831 1714 2895 christiana
1737 2827 1857 2891 cultum

189 2950 404 3014 paqanorum
427 2933 555 2996 uincere
577 2943 656 2998 trena
678 2936 805 2999 demun
827 2944 984 3020 coeperat,

308 3051 420 3117 Utrum
443 3054 564 3118 Pactus
591 3054 786 3122 sollemniter
810 3059 1024 3144 promnlqata
1050 3058 1103 3122 lea
1133 3081 1176 3122 an
1204 3058 1291 3122 iuris
1317 3056 1398 3121 liber
1419 3081 1440 3120 a
1460 3057 1592 3142 privato
1619 3054 1761 3141 quodam
1783 3075 1855 3117 con·

192 3155 337 3237 scriptus
349 3157 470 3242 fuerit,
500 3162 723 3243 quaerendum
745 3170 801 3228 est.
845 3159 885 3225 Si
906 3159 958 3223 lea
980 3171 1061 3246 erat,
1084 3171 1142 3225 aut
1165 3186 1186 3225 a
1207 3185 1281 3247 reqe
1305 3161 1526 3224 Francorum²
1549 3169 1607 3224 aut
1628 3181 1650 3222 a
1673 3159 1752 3222 duce
1775 3155 1855 3219 Ala·

143 3278 173 3318 ss
192 3270 413 3323 mannorum³
442 3262 520 3326 dori
542 3265 660 3347 potuit.
705 3264 819 3348 Leqern
843 3287 864 3327 a
886 3285 960 3350 reqe
982 3265 1187 3329 Francorum
1215 3265 1327 3328 datam
1354 3286 1426 3327 eum
1449 3284 1526 3345 esse,
1555 3283 1594 3326 eu
1611 3262 1770 3346 proloqo:
1798 3258 1855 3324 ubi

193 3359 323 3424 fuorunt
344 3361 385 3426 33
407 3361 504 3428 duces
531 3373 563 3430 et
583 3366 625 3432 33
647 3367 789 3452 episcopi
821 3375 851 3431 et
877 3369 919 3432 45
947 3369 1090 3451 comites,
1118 3392 1189 3432 crem
1218 3377 1261 3431 tot
1291 3368 1460 3452 optimates
1486 3369 1523 3432 in
1549 3368 1626 3450 ipsa
1649 3362 1856 3427 Alamannia

193 3485 260 3527 non
276 3467 433 3531 adstitisse
445 3477 558 3550 pateat
569 3479 592 3552 ⁴,
608 3469 720 3556 colliqi
728 3471 843 3555 possit.
888 3469 1003 3559 Leqem
1018 3481 1125 3535 autem
1141 3495 1161 3535 a
1177 3473 1258 3536 duce
1274 3471 1536 3536 Alamannorum
1547 3477 1706 3552 paratam
1720 3465 1856 3530 Pactum

192 3589 270 3646 esse,
299 3589 339 3630 eu
365 3569 439 3654 ipso
470 3574 598 3636 nomine
628 3573 748 3637 deduci
772 3575 888 3658 possit,
917 3577 996 3658 quia
1026 3574 1145 3638 Pactus
1173 3574 1342 3661 siqnificat
1368 3574 1611 3639 conventionem
1635 3569 1756 3656 populi
1783 3591 1855 3632 cuns

191 3671 378 3756 pr·incipe³.
423 3674 509 3738 Milsi
537 3675 665 3761 quidem
694 3701 795 3762 neque
825 3679 884 3742 boc
913 3699 1014 3762 neque
1041 3675 1126 3742 illud
1142 3677 1246 3762 plane
1267 3681 1387 3742 iustum
1411 3677 1539 3740 uidetur
1560 3697 1636 3738 esse.
1679 3672 1855 3736 Materiam

142 3795 173 3834 so
192 3773 289 3836 Paeti
310 3796 350 3837 ea·
372 3779 473 3862 reqiis
494 3778 619 3863 lapibus
643 3783 803 3866 oripinem
826 3782 961 3845 ducisse
984 3781 1224 3845 concedendum
1246 3790 1310 3862 cst,·
1340 3783 1449 3866 ipsum
1478 3800 1552 3841 uero
1574 3777 1710 3840 Pactum
1726 3777 1857 3860 privati

193 3878 366 3942 cniusdam
388 3881 474 3945 iuris
494 3882 614 3946 librum
633 3883 747 3967 fuisse
772 3885 1035 3949 existimaverim.
1079 3883 1167 3949 Nam
1195 3893 1231 3948 ut
1252 3883 1522 3969 praetermittam,
1548 3879 1638 3944 nullo
1664 3879 1732 3944 loco
1757 3878 1856 3942 uerba

192 3982 441 4066 ‘constituimus,
468 3985 625 4067 iubemus,
650 3988 888 4072 praecipimus’
918 3988 965 4052 uel
992 3987 1117 4052 similia
1145 3988 1300 4070 inveniri,
1327 4008 1428 4071 neque
1455 3986 1550 4050 ducis
1577 4006 1679 4069 neque
1705 3984 1794 4068 reqis
1813 3980 1856 4062 fit

192 4087 312 4149 mentio
334 4109 434 4172 neque
456 4086 522 4151 ullo
543 4086 613 4152 loco
626 4089 750 4172 fredus
773 4091 819 4154 ad
833 4090 954 4174 fiscum
970 4101 1109 4178 propter
1130 4091 1273 4155 crimina
1296 4091 1465 4154 commissa
1487 4086 1660 4152 soluendus
1675 4106 1855 4149 commemo·

192 4197 299 4252 ratur.
346 4187 443 4264 Quod
456 4193 491 4254 in
502 4193 633 4276 priuati
646 4190 729 4256 libro
745 4195 871 4279 ncqliqi
882 4196 1001 4278 potuit,
1023 4193 1059 4258 in
1082 4194 1150 4279 leqe
1171 4196 1266 4279 reqia
1288 4215 1345 4256 seu
1368 4188 1481 4256 ducali
1502 4189 1627 4276 neqliqi
1649 4211 1715 4252 non
1738 4188 1855 4256 debuit.

140 4309 173 4350 ss
194 4291 355 4378 Proloqus
377 4304 502 4358 autem:
525 4293 580 4359 ubi
602 4294 731 4358 fuerunt
751 4295 793 4360 33
815 4294 913 4359 duces
938 4307 970 4360 et
992 4297 1033 4360 33
1055 4295 1201 4382 episcopi
1223 4306 1255 4361 et
1275 4297 1317 4360 45
1339 4295 1482 4378 comites,
1506 4293 1552 4357 ad
1566 4293 1701 4356 Pactum
1723 4291 1856 4354 minime

193 4396 396 4480 referendus,
417 4398 476 4461 sed
494 4419 556 4481 per
577 4421 716 4464 errorem
739 4401 910 4484 scriptoris
933 4400 1054 4464 codicis
1070 4423 1091 4464 a
1106 4399 1189 4486 Leqe
1206 4400 1251 4464 ad
1265 4400 1401 4463 Pactum
1423 4395 1606 4462 translatus
1629 4417 1694 4460 esse
1716 4393 1855 4475 uidetur,

189 4501 385 4585 praesertim
406 4525 478 4564 cum
500 4498 705 4587 differentiae
726 4505 812 4567 inter
834 4525 905 4568 eum
925 4512 953 4567 et
967 4503 1064 4588 Leqis
1081 4503 1258 4588 proloqum
1280 4504 1318 4566 in
1341 4501 1445 4566 eodem
1469 4500 1577 4565 codice
1599 4497 1693 4562 ualde
1715 4498 1856 4582 emiquoe

193 4605 292 4667 sint&
336 4602 447 4688 Neque
469 4627 543 4668 vero
566 4626 606 4667 eu
627 4605 720 4670 verbo
743 4608 880 4690 ‘pactus'
902 4615 1062 4692 usurpato
1084 4608 1182 4693 leqem
1207 4601 1353 4669 ducalem
1365 4603 1477 4688 fuisse
1499 4602 1652 4687 efficitur,
1675 4597 1857 4685 quiaillud

193 4706 324 4771 uerbum
345 4709 446 4774 nimis
466 4709 624 4772 incertum
646 4717 676 4772 ct
690 4709 879 4796 ambiquum
894 4721 948 4774 est.
992 4711 1121 4797 Maqno
1142 4731 1217 4774 uero
1239 4709 1432 4773 auctoritate
1446 4706 1581 4770 Pactum
1596 4706 1633 4768 in
1649 4702 1855 4767 Alamannia

139 4833 174 4874 so
194 4813 338 4897 siqu-isse
366 4833 406 4875 eu
433 4833 468 4875 eo
496 4812 604 4898 colliqi
631 4813 728 4895 debet,
761 4814 847 4898 quod
870 4813 946 4896 fere
973 4835 1082 4877 omnes
1109 4813 1235 4878 codices
1262 4813 1411 4897 quintum
1428 4809 1656 4895 sraqmentum
1680 4806 1760 4891 Leqi
1781 4805 1854 4881 sub·

193 4919 341 4981 iunctum
357 4915 525 5000 praebent.

303 5024 435 5089 Videtur
456 5026 570 5110 iqitur,
593 5026 623 5089 si
645 5037 839 5112 arqumento
859 5026 997 5090 breuiter
1019 5025 1330 5110 comprcbcndimus,
1352 5021 1474 5086 Pactus
1496 5017 1578 5084 liber
1592 5039 1658 5084 esse
1673 5017 1759 5082 iuris
1774 5015 1853 5082 Ala-

192 5130 343 5193 mannici
364 5151 385 5192 a
405 5130 537 5212 priuato
559 5129 700 5214 quodam
722 5131 820 5194 initio
843 5131 972 5213 septimi
994 5127 1119 5195 saeculi
1133 5131 1169 5194 in
1185 5127 1391 5192 Alamannia
1414 5125 1630 5208 conscriptus,
1652 5123 1746 5188 cuius
1761 5122 1855 5206 quin-

193 5255 255 5318 que
266 5231 463 5318 fraqmcnta
486 5230 532 5295 ad
553 5241 680 5296 nostros
702 5233 772 5297 dies
790 5243 1019 5317 peruenerunt.

140 5451 173 5492 ⁴5
302 5425 330 5497 1)
355 5423 415 5494 Osr.
438 5427 486 5481 ‘N.
510 5425 621 5481 Arcbiv'
644 5427 682 5496 X,
699 5444 732 5496 p.
756 5426 832 5496 4'tl;
854 5427 894 5483 Η.
917 5428 1058 5497 Bruuncr,
1082 5429 1131 5483 ⁴1).
1147 5421 1410 5496 Recbtspescbicbtc'
1431 5421 1457 5490 1,
1480 5421 1508 5492 ᾗ.
1525 5420 1575 5490 41,
1596 5438 1625 5475 n.
1642 5419 1671 5475 4.
1757 5417 1854 5492 2)1u

192 5529 404 5584 R.Scl1rocder
425 5529 444 5584 l.
461 5547 484 5584 c.
505 5547 534 5600 p.
554 5529 601 5585 17.
666 5528 696 5601 3)
718 5530 764 5584 Ita
784 5531 865 5584 multi
884 5530 1044 5601 scriptores.
1115 5531 1145 5602 4)
1168 5528 1229 5598 Osr.
1245 5529 1284 5583 H.
1301 5528 1440 5592 Brunner,
1458 5522 1537 5580 ‘sn'
1555 5541 1586 5593 p.
1604 5522 1674 5578 160.
1740 5521 1769 5592 5)
1793 5519 1854 5589 Gfr.

191 5631 279 5686 acrba
297 5633 425 5702 proloqi:
448 5637 478 5686 ct
500 5631 542 5684 sic
564 5632 709 5687 convenit.
786 5633 816 5703 6)
840 5632 900 5701 Ofr.
924 5634 972 5689 ‘N.
996 5633 1109 5687 Arctio'
1132 5634 1170 5701 X,
1190 5651 1220 5704 p.
1244 5630 1315 5686 474.
1359 5627 1451 5683 Aliter
1471 5627 1552 5680 sustd
1574 5627 1614 5681 H.
1636 5626 1776 5690 Bruuius,
1807 5625 1856 5694 qui

186 5736 336 5807 proloqum
365 5735 447 5790 Parti
478 5754 512 5790 cn
544 5735 602 5790 ullo
633 5736 787 5807 capitulari
818 5735 899 5809 rcqm‘
923 5737 953 5789 in
981 5735 1077 5790 codiee
1103 5737 1228 5791 amerius
1255 5733 1359 5804 scripto
1385 5733 1575 5802 depromptum
1603 5746 1661 5783 esse
1687 5727 1852 5795 arbitratur,

191 5837 273 5897 ‘SBJ
290 5858 323 5910 p.
342 5839 417 5910 160,·
440 5839 489 5894 ¹1).
514 5837 775 5910 Recbtsqcscbiclste’
799 5839 823 5907 Ι,
846 5841 874 5912 ᾗ.
898 5839 947 5908 41,
970 5858 998 5895 n.
1018 5838 1065 5894 14.
