4546 6436
463 438 527 498 296
1083 433 1161 490 LEX
1186 429 1500 492 BAlWARIORUM.
2025 429 2067 498 ll,
2092 428 2125 485 4.

466 622 660 703 scommisit,
694 626 881 709 benignum
909 622 1074 710 inputet*
1103 643 1219 706 regem
1249 621 1304 687 vel
1335 623 1457 686 ducem
1481 643 1591 700 suum,
1623 623 1652 685 si
1682 623 1714 686 ei
1738 621 1844 686 vitam
1869 614 2122 686 concesserintt

569 760 621 825 De
645 758 858 824 minoribusl
881 763 997 822 autem
1015 757 1222 830 hominibus,
1247 757 1276 819 si
1299 757 1336 818 iu
1357 756 1457 820 hoste
1476 755 1677 838 scandulum
1699 753 1943 828 commiserint,
1968 753 2004 816 in
2025 753 2123 818 ducis

462 869 507 930 sit
531 865 714 951 potestate,
740 864 876 948 qualem
902 884 1045 947 poenam
1071 866 1284 928 susteneant.

569 999 615 1062 ut
637 998 697 1064 ille
721 1019 803 1063 usus
823 998 1051 1064 eradicandus
1070 1001 1132 1073 est,
1158 1001 1197 1060 ut
1216 1017 1284 1060 non
1300 997 1377 1059 liat:
1404 994 1500 1060 Solet
1520 997 1609 1059 enim
1628 999 1769 1080 propter
1787 995 1916 1079 pabule
1934 995 2124 1078 equorum²

462 1107 516 1172 vel
550 1110 692 1192 propter
726 1106 822 1190 ligna
852 1106 927 1170 fieri
962 1103 1195 1178 scandalumi,
1227 1103 1365 1186 quando
1397 1101 1505 1185 aliqui
1537 1102 1723 1167 defendere
1752 1101 1876 1166 volunt
1906 1099 2044 1167 cases**
2067 1101 2158 1166 vele

463 1210 684 1278 scurias***·⁴
708 1212 770 1276 ubi
799 1213 919 1277 fenum
943 1211 997 1276 vel
1021 1231 1166 1294 granum
1191 1210 1383 1274 inveniunt.
1431 1208 1508 1274 Hoc
1532 1209 1719 1274 vetandum
1744 1212 1807 1286 est,
1835 1228 1877 1273 ne
1902 1210 1973 1272 fiet.
2022 1208 2070 1273 Ut
2093 1209 2122 1272 ei

464 1322 540 1404 quis
563 1320 735 1384 invenerit
757 1318 920 1402 pabulam
943 1318 999 1383 vel
1023 1317 1130 1401 ligna,
1155 1316 1258 1380 tollet
1278 1319 1444 1399 quantum
1467 1315 1552 1392 vult,
1577 1320 1613 1380 et
1636 1317 1772 1380 nemine
1790 1319 1885 1380 vetet
1906 1315 2057 1392 tollenti,
2082 1320 2122 1378 ut

464 1447 525 1510 per
547 1427 614 1491 hoo
638 1425 863 1490 scandalum³
887 1446 955 1489 non
979 1428 1153 1488 nascetur.
1200 1423 1237 1486 Si
1272 1423 1347 1505 quis
1383 1424 1447 1486 hoc
1483 1443 1586 1486 ausus
1621 1422 1729 1487 luerit
1758 1423 1874 1488 fecere
1905 1425 1966 1486 aut
1989 1425 2121 1486 contre·

464 1535 577 1598 dicere
612 1533 744 1616 aliquid
775 1533 865 1616 quod
896 1532 1010 1596 fecere
1046 1531 1101 1594 lex
1133 1533 1238 1604 vetat,
1274 1528 1328 1591 illi
1357 1533 1452 1605 tunc,
1485 1530 1513 1593 si
1544 1529 1705 1594 inventus
1739 1529 1857 1605 fuerit,
1888 1549 2000 1593 coram
2033 1529 2121 1593 duce

570 1762 598 1842 *)
626 1770 720 1844 eleseu
744 1767 818 1827 edd:
841 1770 969 1844 givuina
992 1767 1019 1824 Τ
1032 1769 1058 1826 1.
2142 1785 2167 1822 ,0

552 1887 598 1966 **)
624 1895 720 1969 yloeeo
742 1912 832 1966 supra
856 1893 962 1951 lineum
986 1891 1060 1951 odd:
1084 1893 1144 1950 hus
1171 1892 1234 1950 Gru.

537 2010 600 2089 ***)
628 2019 723 2092 cleosa
745 2017 819 2076 cdd:
843 2017 966 2075 stadele
992 2016 1054 2075 Ger.

465 2313 2121 2323 ——-—-—---——————-————-——-—-—-—--—-—.—-.——e

571 2541 635 2608 Gap.
655 2539 729 2595 IIII.
762 2543 771 2606 ti
803 2540 819 2594 I.
838 2539 861 2594 1.
889 2537 1057 2592 commiserit
1077 2539 1138 2604 Boe,
1158 2538 1205 2594 Ch.
1278 2538 1307 2591 in
1326 2539 1475 2608 benignum
1495 2540 1544 2594 Bb.
1633 2539 1741 2608 inputet
1759 2539 1802 2601 L,·
1826 2538 1934 2591 inbutet
1952 2539 2018 2600 Ale,·
2042 2543 2119 2607 putet

463 2631 528 2697 Αἶά,
549 2630 581 2696 G,
600 2629 657 2696 Jle,
676 2630 743 2692 P·2,·
771 2645 833 2680 eune
854 2627 880 2680 in
900 2631 977 2695 perte
997 2629 1051 2688 eP,·
1076 2630 1187 2695 reputet
1205 2628 1270 2683 Her.
1353 2631 1381 2681 et
1402 2644 1495 2698 regem
1514 2630 1565 2694 Ay.
1647 2645 1726 2681 suum
1747 2630 1816 2680 deest
1834 2629 1886 2682 Ad.
1968 2627 1990 2680 si
2013 2628 2047 2698 ei]
2074 2629 2120 2696 qui

465 2719 490 2772 ei
508 2719 576 2780 dle,-
593 2716 616 2769 si
634 2718 697 2774 Atd.
789 2716 844 2770 vite
862 2719 917 2783 Art,
936 2717 981 2772 eP.
1073 2715 1264 2782 concesserint,
1283 2715 1434 2787 concesser]
1453 2717 1616 2771 concesserit
1635 2717 1690 2783 Ale,
1710 2717 1757 2783 Gt,
1776 2717 1829 2785 Hp,
1850 2717 1907 2782 (ἴω,
1926 2718 1993 2782 Her,
2011 2717 2045 2786 L,
2064 2717 2120 2784 Hy,
2141 2738 2165 2776 η

464 2807 514 2874 Mt,
532 2807 589 2872 Po,
609 2807 654 2861 eP.

575 2923 592 2977 l.
608 2921 633 2977 2.
661 2920 713 2992 De]
734 2937 790 2976 ..e
809 2923 864 2974 Ale.
937 2919 1050 2973 minoris
1068 2920 1124 2987 Ale,
1143 2921 1205 2989 Em
1228 2921 1348 2975 minores
1366 2921 1395 2978 J.
1475 2923 1567 2976 eutem
1584 2923 1654 2976 deest
1671 2922 1738 2986 P6,·
1765 2925 1812 2974 eut
1830 2923 1863 2978 L.
1936 2920 2044 2974 sideest
2063 2923 2120 2988 Ay:

465 3010 716 3079 siquienmz.
771 3010 800 3062 in
819 3015 878 3064 oste
896 3010 926 3075 J,
945 3009 1011 3072 P3;
1036 3007 1071 3061 in
1090 3008 1242 3063 honeste
1263 3011 1297 3066 K.
1352 3011 1518 3066 commiserit
1535 3013 1604 3065 deest
1623 3010 1689 3074 P6,·
1713 3011 1851 3065 comiserit
1870 3012 1927 3078 Ep,
1954 3009 2121 3064 commiserit

465 3101 533 3168 Her,
551 3100 608 3165 Jte,
627 3100 660 3165 L,
679 3099 724 3154 eP.
807 3097 877 3151 duce
896 3099 937 3161 L,·
963 3096 1027 3151 duci
1044 3098 1101 3164 My.
1133 3101 1141 3164 ll
1173 3099 1233 3154 1.8.
1252 3099 1307 3153 sint
1326 3101 1359 3166 G,
1380 3101 1447 3164 (ἦα
1474 3100 1528 3153 sint
1545 3117 1624 3153 corr:
1650 3100 1685 3154 sit
1703 3101 1736 3157 B.
1817 3103 1981 3171 potestatem
1999 3099 2056 3166 My,
2074 3099 2120 3154 eP.

466 3188 574 3256 quulem
589 3204 715 3256 poenum,
733 3189 855 3255 (penem,
873 3187 1012 3255 peenem)]
1030 3186 1111 3254 quale
1129 3203 1200 3255 penu
1218 3189 1255 3254 H,
1274 3190 1316 3250 L,·
1334 3189 1414 3256 quale
1432 3205 1504 3258 pene
1522 3190 1581 3245 Pe.
1639 3206 1757 3258 poenam
1775 3189 1908 3243 sustineat
1922 3219 1953 3229 -
1967 3188 2120 3257 neglexerit
2140 3204 2167 3243 eo

467 3277 604 3344 inquirere
623 3280 663 3344 (p.
677 3280 738 3343 298,
758 3275 775 3332 l.
788 3279 820 3342 4)
839 3277 903 3342 folio
922 3281 1007 3329 acciso
1024 3276 1118 3328 desunt
1136 3277 1165 3332 J.
1219 3294 1336 3346 poenum
1356 3279 1515 3347 sustineant]
1533 3277 1665 3333 sustinent
1682 3295 1782 3348 penem
1801 3281 1864 3346 Ald,
1882 3284 1927 3335 eP.
1989 3277 2121 3331 sustineat

467 3366 516 3433 Be,
535 3367 587 3433 Hp,
606 3365 662 3432 Jle,
681 3366 715 3432 L,
733 3365 802 3428 P6,·
826 3364 967 3432 sustinent,
984 3382 1062 3418 corr:
1080 3365 1231 3418 sustineant
1249 3368 1282 3419 H
1284 3385 1295 3430 ;
1320 3371 1477 3422 susteneent
1495 3369 1531 3432 V,-
1545 3367 1705 3438 ,sustineent
1722 3375 1777 3424 cett.

574 3483 592 3536 l.
608 3479 633 3536 4.
660 3481 687 3534 et
705 3481 774 3533 deret
792 3480 846 3536 All.
920 3479 959 3533 illi
978 3484 1035 3536 1²6.
1091 3480 1269 3535 eradicandos
1287 3482 1320 3538 L.
1374 3483 1455 3551 enim}
1476 3485 1568 3536 entem
1587 3483 1649 3539 Alei.
1711 3483 1820 3552 pebude
1837 3499 1915 3537 corr:
1933 3482 2035 3552 pabule
2052 3484 2121 3547 PL·

467 3571 596 3640 pabulum
613 3575 669 3635 eP,'
693 3569 823 3638 pabulam
841 3572 893 3637 Ay,
912 3570 979 3637 Me·
1004 3570 1135 3639 pabolum
1153 3572 1211 3634 ML·
1235 3571 1367 3641 parabule
1386 3573 1418 3627 L.
1503 3587 1654 3641 aequorum
1672 3572 1916 3640 Ep,Gw,P1,6.
1949 3577 1959 3640 l
1990 3573 2007 3628 l.
2023 3573 2049 3630 ὅ.
2067 3574 2121 3644 vel}

468 3663 496 3714 et
516 3661 548 3715 G.
620 3660 741 3728 propter]
762 3675 812 3727 per
828 3660 861 3726 B,
874 3660 924 3726 Bb,
937 3661 1000 3728 Boe,
1014 3661 1062 3727 Ch,
1074 3661 1127 3728 Hp,
1142 3662 1198 3727 (ἕω,
1211 3661 1249 3726 Η,
1261 3661 1365 3728 L,P6,
1382 3662 1411 3716 T.
1473 3661 1576 3731 lignem
1595 3661 1641 3717 sP.
1694 3659 1771 3714 fieeri
1789 3663 1832 3726 L,·
1849 3660 1921 3714 fierit
1939 3663 1984 3718 eP.
2045 3679 2120 3716 scen·
2140 3683 2168 3722 25

468 3748 563 3802 delum
580 3747 640 3801 fieri
657 3748 715 3805 Pe.
807 3747 891 3817 aliqui
909 3749 978 3802 deest
995 3750 1054 3813 Bb,·
1080 3749 1170 3818 alique
1188 3751 1255 3812 P5,·
1280 3749 1384 3816 aliquid
1402 3749 1457 3817 Au,
1475 3751 1531 3817 Hy,
1549 3751 1598 3817 Me,
1617 3751 1675 3818 Pe,
1697 3751 1763 3815 Τ2,·
1788 3750 1885 3819 eliquit
1903 3753 1947 3806 eP.
2025 3752 2122 3806 volunt

468 3835 615 3892 defendere
633 3837 695 3904 ΑΒ,
713 3836 770 3894 Jle.
851 3836 947 3891 volunt
971 3839 1040 3892 deest
1058 3841 1109 3906 Aa.
1147 3843 1157 3907 ΙΙ
1189 3839 1206 3894 l.
1222 3839 1247 3894 e.
1272 3838 1374 3892 scurias
1392 3855 1470 3892 corr:
1495 3839 1584 3893 eurise
1604 3841 1646 3903 G,
1673 3857 1765 3894 soures
1784 3841 1843 3904 Bb,·
1869 3857 1959 3894 soeres
1983 3841 2036 3903 sP,·
2062 3857 2121 3895 sco·

467 3927 522 3980 rias
545 3927 584 3982 W.
656 3925 724 3980 hubi
742 3926 799 3990 eP,·
823 3926 862 3979 ibi
880 3927 913 3982 L.
987 3927 1080 3980 fenum
1099 3927 1138 3980 vel
1157 3926 1280 3996 foenum]
1306 3925 1438 3980 fenunum
1457 3929 1518 3992 ml,-
1541 3929 1650 3982 frennm
1669 3931 1712 3994 L,·
1735 3929 1845 3984 suenum
1864 3930 1922 3986 Pe.
1995 3933 2043 3982 eut
2060 3946 2121 4000 gm-

466 4033 533 4068 num
552 4017 617 4080 Ale;
635 4015 678 4070 vel
696 4030 811 4086 gramen
831 4017 882 4084 Ad,
904 4016 966 4072 Alo.
1029 4015 1180 4070 veetendus
1198 4017 1265 4078 P6,·
1283 4014 1416 4069 velandus
1434 4017 1477 4080 L,·
1494 4017 1642 4072 retendum
1660 4019 1729 4083 P4‚·
1748 4019 1935 4072 vitandum
1954 4019 2011 4075 le.
2076 4019 2121 4088 ne]

466 4123 522 4158 non
541 4105 593 4173 Ep.
666 4111 696 4158 ut
714 4107 783 4159 dmet
800 4104 873 4169 Aer,-
890 4104 938 4160 sed
956 4105 1013 4161 Jle.
1078 4105 1101 4158 ei
1120 4103 1191 4175 quis]
1210 4104 1333 4172 quisquis
1351 4109 1420 4170 Pl‚·
1437 4105 1460 4158 si
1480 4106 1545 4174 qnid
1564 4109 1608 4164 eP.
1639 4112 1649 4176 ΙΙ
1681 4108 1697 4165 l.
1716 4108 1740 4163 7.
1761 4108 1906 4163 invenierit
1923 4109 1968 4164 eP.
2035 4124 2121 4176 pepu·
2142 4127 2169 4164 so

466 4195 524 4248 lum
542 4196 605 4263 P6,·
623 4194 753 4264 pepulem
768 4194 837 4258 P3;
854 4194 956 4263 pabula
974 4195 1029 4260 Ale,
1048 4195 1081 4262 Β,
1100 4195 1158 4260 Pl,
1179 4193 1241 4256 Ter,-
1257 4192 1386 4262 pebnlem
1408 4195 1440 4262 G,
1458 4195 1515 4263 My,
1532 4196 1583 4264 Me,
1602 4197 1646 4265 eP,
1665 4197 1724 4264 Po,
1743 4198 1778 4262 V,
1795 4198 1926 4267 pabulum
1945 4205 2001 4254 cett.
2075 4199 2122 4250 ent

466 4285 541 4354 ligne
558 4284 618 4353 Hy,
634 4284 693 4347 ML·
720 4289 748 4338 et
772 4283 848 4352 ligne
872 4286 970 4349 (corr.)
992 4283 1033 4346 G,·
1060 4281 1103 4336 vel
1128 4282 1233 4353 lignum
1252 4284 1314 4349 Em
1341 4283 1385 4337 vel
1407 4283 1510 4354 lignem
1529 4291 1575 4341 sP.
1646 4287 1756 4341 nemine
1774 4287 1821 4355 eP,
1839 4289 1896 4355 Pe,
1913 4289 1947 4350 V,·
1964 4285 2068 4341 nemini
2089 4287 2121 4352 G,

464 4374 639 4441 P1,2,4‚5,
661 4373 720 4436 Til,
745 4371 892 4425 minime
910 4373 971 4439 Ay;
990 4371 1128 4424 neminem
1146 4377 1202 4426 ere.
1267 4374 1344 4424 vetet
1361 4372 1419 4428 Pe.
1486 4373 1594 4427 tollenti
1612 4377 1664 4442 Ay,
1683 4377 1716 4444 Β,
1738 4377 1770 4444 G,
1788 4377 1856 4444 Her,
1874 4377 1912 4444 K,
1930 4377 1986 4445 He,
2005 4376 2122 4440 Pl-o,

467 4465 519 4530 Te,
539 4463 572 4526 V,-
597 4465 624 4514 et
646 4461 789 4515 todentem
807 4461 866 4525 ML·
893 4460 1038 4515 tollentem
1057 4459 1119 4526 Αἶά,
1138 4459 1205 4524 Jzae,·
1229 4459 1326 4513 tollere
1346 4461 1402 4526 Gw,
1421 4462 1465 4525 W,·
1489 4461 1604 4516 tollendi
1622 4471 1677 4520 ortt.
1750 4469 1781 4519 ut
1799 4483 1849 4535 per
1866 4465 1929 4536 hoc]
1947 4483 1983 4520 ne
2001 4482 2052 4535 per
2068 4464 2122 4518 hoo

465 4553 498 4619 Β,
519 4551 585 4614 Germ
603 4553 631 4603 et
649 4548 1029 4626 porhooP15snperlroc
1047 4548 1295 4615 M9,Ht,·nthoe
1313 4549 1622 4619 Pe;utp0r11,r2
1640 4557 1822 4622 (memma).
1855 4558 1864 4622 Η
1896 4555 1954 4612 ῑ.8.
1980 4555 2122 4609 uenderet
2142 4572 2169 4612 es

464 4643 516 4707 Ad,
536 4640 569 4706 Β,
590 4639 646 4694 Gw.
726 4640 873 4691 nascentur
891 4639 951 4704 Am
978 4641 1108 4691 noscetur
1125 4639 1158 4694 L.
1240 4637 1323 4691 fuerit
1348 4655 1428 4692 ansus
1449 4639 1541 4694 iecere
1561 4643 1617 4706 orn
1643 4658 1723 4697 ausus
1741 4644 1832 4699 fecere
1850 4644 1934 4699 luerit
1951 4645 2018 4710 Jlr,·
2042 4660 2122 4697 nuens

464 4729 518 4783 luit
536 4727 627 4782 iecere
645 4727 703 4782 Po.
791 4725 874 4779 luerit
892 4727 963 4780 deest
980 4728 1025 4780 ced
1043 4744 1076 4783 m.
1096 4731 1226 4780 recentior
1244 4729 1321 4781 ecidit
1338 4728 1387 4784 Bb.
1476 4735 1523 4783 eut
1540 4731 1609 4783 deest
1628 4733 1676 4800 Bb,
1695 4733 1747 4801 Ep,
1765 4734 1802 4802 H,
1822 4735 1864 4797 W,·
1887 4734 1932 4787 vel
1951 4735 2003 4802 Ad,
2022 4734 2054 4800 B,
2074 4731 2122 4801 Ch,

464 4818 521 4884 My,
540 4817 590 4883 Mt,
614 4817 654 4881 Τ,
680 4817 708 4868 et
735 4816 791 4882 Gw,
817 4815 849 4882 L,
876 4815 943 4878 P6,·
968 4819 999 4868 ut
1016 4817 1061 4871 eP.
1139 4816 1295 4870 contradioe
1319 4817 1386 4882 P6,·
1410 4817 1555 4874 oondiosre
1580 4821 1605 4872 L
1611 4846 1621 4888 ,·
1646 4821 1892 4876 conmediotionem
1916 4825 1989 4886 Aut·
2015 4823 2122 4876 contre·

465 4904 557 4959 dicere
583 4907 610 4958 et
629 4904 677 4960 Bt.
717 4907 726 4971 Η
757 4903 775 4960 l.
791 4904 817 4960 9.
842 4903 915 4972 quod
941 4903 1065 4960 fecere
1090 4905 1136 4960 lex
1155 4907 1207 4973 Ad,
1228 4907 1254 4958 T
1261 4908 1295 4969 1.·
1321 4905 1412 4961 fecere
1434 4906 1508 4976 quod
1532 4908 1577 4961 lex
1596 4909 1645 4978 Bb,
1664 4911 1697 4977 L,
1715 4911 1785 4977 P6,·
1808 4912 1854 4965 vel
1876 4911 1966 4965 faeere
1985 4909 2058 4980 quod
2077 4909 2123 4964 lex

465 4994 517 5063 Ep,
542 4995 590 5050 Te
616 4999 664 5062 (m.
691 4995 855 5059 recentior„
881 4992 972 5048 fecere
1002 4994 1049 5048 lex
1069 4993 1155 5064 (quod
1180 4996 1263 5062 deret)
1288 4997 1325 5062 H,
1347 4997 1396 5052 Te
1414 4998 1463 5062 (m.
1479 5000 1607 5065 perman
1632 4998 1706 5067 quod
1731 5000 1776 5054 lex
1800 5000 1891 5054 iecere
1910 5000 1954 5066 W,·
1978 4999 2053 5067 quod
2077 5000 2123 5053 lex
2143 5013 2169 5050 eo

465 5083 570 5148 (iecere
588 5084 695 5150 deest)
713 5089 768 5139 cett.
835 5082 881 5136 lex
898 5084 967 5136 deest
985 5083 1018 5151 L,
1036 5085 1095 5140 Pe.
1162 5087 1238 5139 vetet
1254 5085 1312 5152 Hy,
1329 5085 1379 5140 He.
1439 5085 1480 5138 illi
1499 5087 1550 5154 Ay,
1568 5087 1624 5154 Ale,
1642 5088 1676 5155 L,
1693 5087 1752 5156 Pe,
1765 5091 1791 5155 4,
1804 5092 1829 5156 5,
1843 5093 1868 5156 6,
1886 5090 1933 5156 eP,
1951 5091 1985 5153 V,-
2002 5088 2048 5142 ille
2066 5095 2122 5142 cett.

467 5172 543 5241 tuno]
564 5189 627 5226 cum
645 5173 714 5238 P4;
732 5177 788 5227 tor
806 5174 838 5228 L.
902 5173 925 5226 si
944 5174 1013 5226 deest
1031 5173 1063 5240 L,
1082 5174 1140 5240 1³4,
1154 5177 1178 5229 e.
1242 5174 1361 5228 inventis
1378 5174 1443 5241 Hyr
1460 5173 1615 5230 ininventus
1633 5178 1666 5234 L.
1729 5193 1842 5246 quorem
1861 5179 1894 5234 L.
1956 5180 2052 5232 contre
2069 5178 2122 5244 Ep.

467 5259 531 5316 duci
550 5261 587 5330 H,
606 5263 639 5329 L,
659 5264 726 5326 Po,-
749 5259 873 5316 iudioe
892 5263 947 5320 Art.

578 5548 607 5634 1)
633 5556 681 5630 Of.
700 5575 791 5633 supra
809 5575 872 5633 cap.
889 5556 937 5626 ΙΙ,
955 5557 985 5615 3.
1066 5546 1097 5634 2)
1123 5555 1172 5629 cs.
1191 5557 1276 5616 etiam
1295 5575 1425 5616 annonae
1442 5558 1584 5619 militares
1601 5579 1673 5635 quoe
1696 5559 1833 5639 ‘hengist
1852 5559 1969 5633 tuotri',
1991 5559 2122 5620 ‘March-

469 5665 578 5725 lutter'
602 5670 756 5738 vocantem
779 5665 811 5725 J.
834 5663 959 5734 Germm,
983 5662 1134 5724 ‘Deretscte
1156 5658 1440 5724 Recltsaltertrtmer'
1466 5661 1515 5736 1⁴,
1539 5665 1614 5727 498.
1707 5657 1738 5746 3)
1763 5669 1811 5738 Cf.
1835 5685 1926 5744 sopra
1949 5687 2012 5743 cap.
2036 5668 2083 5738 H,
2101 5669 2121 5726 3
2142 5687 2170 5726 es

468 5781 496 5834 et
517 5776 600 5846 infra
622 5773 670 5845 II,
695 5775 725 5833 9.
817 5767 850 5844 4)
878 5773 981 5832 scurie
1004 5793 1046 5816 =
1071 5770 1215 5840 horreum,
1238 5768 1394 5830 ‘meoet
