4612 6414
337 1740 385 1792 m
535 1741 661 1796 cac
916 1783 924 1798 .

395 1835 436 1892 rie
467 1836 533 1890 ner
565 1836 712 1894 NOMINE
744 1839 795 1896 m·
834 1893 844 1916 ,

395 1935 548 1996 CIPIUNT
607 1939 798 1996 CAPITULA

395 2040 504 2098 LEGIS
544 2041 796 2102 ALLAMANNO·

548 2143 639 2200 RUM.

345 3699 382 3751 11,
439 3690 464 3742 l.
496 3690 542 3745 Dc
570 3687 712 3760 ingenuis,
746 3689 794 3760 qui

392 3807 438 3846 res
475 3810 540 3846 suaa
583 3793 619 3846 ad
657 3791 795 3846 eeclesiae

369 3893 538 3954 ,dedirunt

331 4209 381 4259 111.
435 4201 463 4254 2.
490 4200 535 4254 De
556 4199 610 4270 hia,
635 4200 683 4272 qui
705 4200 794 4256 homi-

393 4320 458 4358 nem
485 4319 663 4374 persequens
691 4303 795 4374 aliquia

393 4404 553 4478 fugitivum.

336 4821 383 4872 IV.
437 4817 465 4871 3.
478 4815 797 4891 Dehumi[ci]diisinfra

395 4919 489 4974 ianuis
512 4919 652 4976 ecelesiae
674 4920 761 4975 facto,

351 5135 383 5186 v,
437 5124 465 5178 4.
490 5127 536 5181 Dc
558 5125 682 5197 raptoris
704 5125 795 5181 eccle·

395 5226 437 5282 aie
461 5229 648 5284 comendatia.

1096 3291 1118 3340 1.

1398 1744 1423 1792 4.

1208 1834 1403 1894 INCIPIUN'P
1421 1833 1612 1892 CAPITULA

1208 1937 1318 1994 LEGIS
1382 1937 1610 1996 ALAMANNO·

1361 2040 1453 2098 RUM.

1254 3279 1279 3331 1.
1301 3277 1347 3332 De
1362 3275 1472 3344 liberie,
1495 3275 1544 3348 qui
1564 3293 1610 3330 rea

1208 3398 1274 3434 suaa
1307 3381 1344 3435 ad
1374 3379 1526 3435 eccleciam
1554 3379 1610 3436 Dei

1207 3483 1333 3539 tradunt.

1250 3687 1277 3741 2.
1301 3688 1345 3742 Dc
1360 3686 1471 3756 liberis,
1495 3687 1544 3759 qui
1563 3705 1609 3742 rec

1207 3807 1273 3844 suar
1300 3791 1337 3844 ad
1359 3789 1510 3844 eeclesiam
1532 3783 1609 3844 Dcib

1206 3893 1324 3947 tradunt
1346 3893 1421 3948 etin
1437 3893 1608 3949 beneficium

1208 3996 1261 4050 sub
1289 3995 1500 4052 usufructuario
1535 3997 1607 4051 acci-

1207 4099 1298 4171 piunt.

1250 4203 1278 4258 3.
1301 4204 1346 4258 De
1368 4201 1468 4257 liberis
1483 4203 1529 4257 vel
1550 4219 1608 4256 aer·

1206 4305 1264 4376 vis,
1302 4307 1351 4377 qui
1388 4306 1425 4359 ad
1458 4305 1609 4360 eccleciam

1208 4408 1386 4481 confugiunt.

1251 4815 1280 4870 4.
1296 4817 1341 4870 De
1351 4814 1461 4884 libaria,
1475 4815 1524 4887 qui
1535 4815 1611 4870 infra

1208 4918 1309 4974 ianuas
1327 4919 1449 4974 ecclesie
1465 4917 1610 4974 interfecti

1207 5021 1324 5077 fuerint.

1251 5126 1279 5181 5.
1294 5124 1526 5196 correptoribus,
1542 5123 1612 5196 qui⁰

1209 5227 1245 5282 de
1272 5227 1401 5282 eeclcaiic
1430 5226 1541 5300 aliquid
1562 5219 1611 5282 vi‘¹

1210 5331 1432 5386 abstraxerint⁶.

1713 1741 1738 1790 ὃ.

1723 3286 1746 3336 1.

1882 3278 1906 3329 l.
1927 3275 2032 3342 Dece,
2050 3275 2249 3346 quireacuaa

1836 3378 1995 3432 aecclesiae
2038 3379 2173 3450 dederit,
2221 3391 2248 3436 ut

1744 3525 1747 3532 .
1835 3480 1914 3534 nulle
1947 3479 1976 3536 in
2008 3487 2164 3552 posterum
2201 3483 2249 3538 fiat

1834 3583 1966 3640 remotio.

1739 3736 1745 3748 ,
1877 3689 1904 3742 2.
1916 3689 2016 3756 Dece,
2030 3687 2112 3760 quia
2123 3697 2245 3760 pectore
2295 3755 2297 3764 ι

1854 1477 2239 1564 INDICES·

2001 1737 2026 1790 ⁶.
2048 1737 2075 1786 7.

1857 1828 2052 1886 INCIPIUNT
2092 1829 2234 1886 TITULI

1835 1930 1946 1988 LEGIS
2011 1933 2252 1992 ALAMANNc

1989 2033 2087 2092 RUM.

1835 3790 1993 3846 aecclesiae
2012 3808 2058 3846 rec
2075 3809 2094 3845 a
2110 3811 2142 3847 ac
2162 3795 2245 3848 datae

1834 3910 1886 3964 per
1924 3892 2084 3964 precariam
2132 3895 2245 3952 habere

1833 3995 1966 4052 voluerit.

1878 4201 1906 4256 3.
1951 4203 1995 4256 De
2029 4219 2079 4269 eo,
2121 4204 2173 4274 qui
2210 4206 2244 4259 ad

1836 4303 2005 4358 aecclesiam
2071 4305 2243 4379 coniugium

1835 4405 1945 4460 fecerit.

1878 4814 1905 4868 4.
1935 4815 1980 4868 De
2004 4829 2048 4880 ee,
2076 4815 2128 4886 qui
2152 4817 2247 4876 homi·

1836 4933 1901 4972 nem
1922 4916 1997 4972 infra
2011 4917 2114 4972 ianuar
2131 4923 2247 4980 aeecle-

1837 5019 1897 5074 siae
1920 5020 2068 5076 occiderit.

1879 5125 1907 5178 5.
1922 5124 1968 5179 De
1980 5123 2067 5179 rebus
2076 5128 2247 5186 aecclesiae

1837 5225 2052 5294 commendatis,
2082 5227 2108 5281 ci
2137 5231 2249 5308 eliquia

1836 5346 1889 5402 per
1910 5329 1967 5384 vim
1988 5328 2096 5386 tulerit.

346 5549 375 5616 a)
396 5548 502 5602 Codices
521 5552 547 5603 2.
567 5552 593 5602 3.
614 5551 641 5602 5.
664 5551 694 5599 12
720 5552 808 5602 indice
833 5558 930 5614 carent,
957 5550 1075 5602 rubricae
1101 5551 1129 5602 ia
1148 5559 1220 5604 texta
1235 5553 1414 5619 paucissimae
1429 5553 1558 5618 praebent
1565 5571 1574 5612 ,·
1599 5551 1680 5602 codex
1699 5552 1732 5600 10
1751 5551 1828 5600 etiam
1846 5549 1933 5602 indice
1951 5558 2030 5611 caret,
2051 5551 2098 5603 sad
2118 5555 2250 5610 rubricas

232 5642 367 5708 plerisque
385 5643 468 5694 titulis
485 5644 615 5709 praefigit,
641 5659 673 5693 ecc
698 5643 792 5716 quibas
815 5643 930 5708 quicque
956 5643 1087 5695 codicibus
1111 5662 1233 5697 numeros
1259 5646 1394 5697 titulorum
1419 5651 1443 5696 et
1466 5643 1589 5694 rubricae
1615 5643 1728 5694 collectae
1752 5641 1782 5692 in
1802 5642 1852 5692 irae
1869 5642 1962 5693 tabule
1980 5641 2129 5696 minoribus
2150 5647 2249 5703 litteris

236 5751 372 5800 repressor
391 5735 573 5802 proponimus.
623 5734 671 5786 Uei
695 5736 812 5788 codicum
838 5735 863 5785 4.
884 5735 908 5786 8.
930 5735 945 5784 9
972 5743 1058 5787 textae
1083 5737 1115 5788 ab
1140 5737 1227 5789 indice
1252 5737 1356 5805 differe,
1381 5743 1466 5790 textui
1491 5734 1623 5788 lectionem
1649 5733 1772 5787 asterisco
1797 5734 1954 5786 notavimus.
2048 5735 2078 5802 b)
2105 5737 2183 5792 decet
2209 5741 2249 5798 4⁸.

237 5827 265 5889 e)
284 5829 346 5895 quia
364 5830 390 5879 4.
465 5827 494 5892 d)
513 5827 584 5878 deest
603 5829 628 5876 4.

703 5829 730 5896 c)
750 5828 908 5879 abstraxerit
926 5832 951 5879 4.
