4634 6420
344 1543 754 1696 PACTUS
808 1542 1708 1695 ALAMANNORUM.

684 1899 1287 2021 uunouuuuuu
1324 1901 1374 2025 Ι.

149 2105 153 2110 ¹
256 2169 474 2246 INCIPIT*
500 2167 698 2246 PAOTUS
724 2167 829 2244 LEX
854 2166 1259 2246 ALAMANNORUM.
1313 2169 1381 2244 ΕΤ
1407 2167 1485 2244 SIC
1513 2166 1795 2245 OONVENIT:
1871 2202 1959 2250 rur.

306 2346 332 2406 1.
377 2341 430 2408 Si·
456 2343 529 2430 quis
550 2340 663 2408 alteri*
686 2351 784 2428 caput
805 2340 939 2428 frigerit,
961 2343 1028 2407 sicb
1051 2352 1086 2406 ut
1107 2340 1243 2407 oervelle
1264 2351 1385 2428 pareat,
1407 2342 1512 2407 solvat
1534 2340 1654 2406 solidos
1675 2341 1723 2406 12.
1767 2339 1810 2404 Et
1831 2341 1857 2403 si

161 2447 280 2511 sinter
302 2469 337 2510 se
359 2445 399 2511 de
422 2445 483 2511 hoc
506 2447 686 2511 intencione
709 2445 836 2530 hebeat,
860 2456 979 2512 utnon
1003 2447 1044 2511 sit
1065 2447 1112 2510 sic
1133 2445 1258 2531 grando
1280 2445 1386 2533 plaga,
1412 2458 1447 2512 ut
1469 2446 1628 2512 medicum
1652 2446 1705 2510 ille
1727 2452 1857 2531 querat⁰

196 2572 297 2615 or..
324 2549 471 2616 medicus
498 2549 610 2632 fuerit,
643 2551 676 2614 in
709 2548 902 2616 ferramenta
935 2571 993 2615 sua
1023 2550 1191 2635 praeviat*
1223 2560 1459 2616 sacramentum
1488 2560 1546 2616 aut
1573 2561 1657 2616 tres²
1687 2557 1784 2615 testes
1812 2548 1857 2611 in·

195 2655 336 2719 venian⁶
358 2705 368 2721 .
390 2703 399 2720 .
423 2701 431 2719 .
455 2704 462 2719 .
485 2652 604 2726 dieunt.

301 2757 330 2830 2.
377 2759 412 2824 Si
441 2759 526 2824 enirn
556 2779 632 2824 vero
662 2778 722 2822 uec
751 2767 848 2824 testes
880 2806 1011 2828 .....
1043 2780 1103 2823 nec
1133 2756 1277 2822 medicus
1307 2758 1401 2840 iurat,
1434 2757 1537 2822 solvat
1569 2756 1700 2846 [solidos
1710 2755 1733 2845 ¹]
1756 2757 1776 2822 6
1803 2766 1859 2820 aut

195 2883 267 2926 curn
291 2864 312 2927 6
332 2861 501 2926 ωθὰἰοιιεῑ
521 2860 663 2927 electus³
686 2864 780 2944 iuret,
804 2861 890 2949 quod
913 2863 942 2926 ei
965 2860 1105 2948 amplius
1127 2884 1191 2926 nou
1213 2860 1376 2927 redebet⁴.

146 2986 173 3026 ro
300 2965 330 3031 3.
375 2963 432 3029 Si⁵
454 2966 526 3052 quis
547 2964 639 3030 alteri
661 2975 761 3052 ouput
781 2964 910 3052 frangit,
932 2966 999 3030 sicb
1016 2976 1051 3030 ut
1074 2987 1165 3031 ossus
1181 2965 1221 3031 de
1237 2967 1344 3052 capite
1365 2966 1466 3051 ipsius
1489 2962 1620 3029 tollatur
1641 2974 1674 3028 et
1695 2985 1791 3050 super
1806 2963 1859 3027 via

194 3069 227 3132 iu
250 3079 342 3134 scuto
363 3079 465 3152 sonet,
488 3066 593 3134 solvat
615 3067 734 3133 solidos
756 3071 776 3134 6
797 3078 854 3134 aut
874 3090 948 3133 cum
970 3071 991 3135 6
1013 3068 1158 3136 medicus
1179 3068 1300 3135 electus
1323 3071 1415 3134 iuret.

298 3174 330 3235 4.
373 3170 428 3237 si·
451 3171 524 3238 telis
546 3171 659 3260 colpus
680 3172 787 3254 suerit,
809 3182 846 3238 ut
868 3171 940 3263 [deIl
956 3172 1074 3262 ee]pite
1095 3195 1186 3239 ossus
1206 3173 1338 3238 radatur
1359 3183 1391 3238 et
1413 3173 1541 3257 frangit,
1563 3170 1667 3238 solvet
1688 3169 1736 3236 sol
1752 3217 1858 3238 .....

192 3285 251 3340 aut
272 3296 345 3339 eum
367 3277 388 3339 3
410 3275 556 3341 medicus
579 3275 700 3342 eiectus
724 3276 816 3342 iuret.

299 3379 329 3442 5.
374 3378 408 3444 Si
432 3380 505 3466 quis
528 3380 688 3466 ingenuus
710 3380 806 3466 ingen
830 3429 838 3444 .
863 3431 870 3448 .
895 3429 933 3445 ..

655 3680 1075 3802 FRAGMEN
1080 3683 1261 3801 TUM
1299 3680 1383 3807 II.

302 3911 329 3974 1.
372 3907 435 3973 Et²
457 3908 484 3972 si
500 3907 572 3996 quis
591 3906 683 3974 alteri
698 3907 826 3974 oculum
849 3911 983 3996 ruperit,
1005 3919 1037 3976 et
1058 3908 1110 3977 iile
1132 3909 1272 3998 popilius
1294 3911 1381 3975 intus
1404 3911 1529 3995 restitit,
1552 3908 1655 3975 solvat
1670 3909 1789 3975 solidos
1806 3911 1856 3976 20.
1870 3937 1954 3988 μω.

299 4013 328 4076 2.
374 4011 430 4076 Si·
452 4012 563 4078 oculus
586 4010 639 4078 ille
660 4013 747 4078 fores
768 4015 894 4095 exierit,
917 4012 1037 4079 solidos
1058 4016 1102 4080 40
1122 4025 1179 4080 aut
1200 4037 1273 4080 oum
1300 4016 1338 4079 12
1359 4013 1505 4080 medicus
1528 4013 1649 4080 electus
1671 4015 1762 4080 iuret.

300 4115 331 4180 3.
375 4114 439 4180 uti
461 4117 517 4203 qui
539 4116 715 4181 auriculam
738 4119 911 4202 rimaverit,
934 4116 1038 4183 solvat
1059 4117 1178 4183 solidos
1201 4119 1251 4185 20.

300 4220 330 4284 4.
375 4219 411 4283 Si
421 4229 447 4267 ¹⁰
468 4227 571 4285 totum
594 4222 783 4303 excusserit,
804 4231 861 4286 aut
876 4223 903 4287 si
918 4223 1107 4309 placaverit,
1129 4233 1165 4287 ut
1187 4223 1314 4288 ‘audire
1336 4245 1400 4287 nou
1422 4224 1533 4308 possit,
1556 4221 1659 4286 solvat
1681 4220 1800 4286 solidos
1815 4223 1858 4286 40
1875 4243 1906 4296 γ.
1918 4247 1974 4290 1³³⁴.

143 4347 174 4388 ro
192 4329 250 4386 out
271 4343 343 4386 oum
369 4323 407 4386 12
429 4326 521 4388 iuret.

299 4427 330 4488 5.
375 4425 445 4490 Si¹¹
469 4427 542 4514 quis
565 4426 734 4492 brabium·
756 4450 854 4516 super
875 4430 985 4496 cubito
1008 4431 1278 4517 transpuncxerit,
1301 4429 1404 4495 solvat
1427 4429 1546 4494 solidos
1569 4431 1598 4496 6.

304 4619 324 4673 1.
356 4616 521 4672 00111112.
596 4620 625 4687 a)
651 4622 704 4674 ulte
724 4660 730 4674 .
752 4659 759 4674 .
779 4640 800 4677 c.
913 4624 941 4687 b)
966 4625 1035 4676 sicut
1060 4643 1081 4676 c.
1194 4625 1220 4684 ci
1247 4624 1285 4674 itu
1306 4643 1344 4684 c.,·
1361 4625 1482 4689 sortasse
1505 4623 1658 4690 tepentium:
1684 4629 1807 4691 queratur
1826 4625 1856 4677 si.

194 4710 224 4774 d)
243 4710 261 4760 i.
275 4728 296 4762 c.
316 4713 451 4778 praebent.
520 4709 549 4778 e)
568 4714 607 4765 ita
622 4731 661 4778 c.,·
672 4715 794 4782 sortasse
812 4716 964 4782 tepentium:
982 4718 1152 4768 inveniuntur
1171 4718 1224 4783 qui.
1290 4717 1313 4780 f)
1331 4717 1371 4768 ita
1391 4717 1473 4768 Merk.
1483 4735 1492 4778 ς
1509 4734 1581 4767 nunc
1601 4717 1629 4766 in
1648 4734 1670 4766 c.
1691 4715 1741 4782 Icpi
1759 4714 1858 4781 nequit.

193 4805 223 4869 g)
243 4803 261 4853 i.
281 4821 301 4855 e.
323 4805 434 4870 medIus,
453 4813 477 4858 ct
496 4807 536 4859 ita
553 4806 637 4874 infra.
712 4809 741 4873 h)
762 4811 795 4861 do
815 4811 903 4876 cupite
924 4809 1024 4872 Mcrk.,·
1043 4827 1115 4861 nunc
1133 4809 1202 4861 nihil
1220 4808 1273 4860 nisi
1292 4812 1346 4876 pite
1365 4810 1417 4878 lapi
1431 4815 1526 4874 potest.

143 4906 175 4947 25
304 4897 339 4948 11,
370 4895 432 4949 Cod.
453 4897 476 4949 A
493 4899 533 4951 12.
573 4899 601 4965 a)
620 4899 639 4953 i.
660 4918 680 4954 e.
701 4902 846 4953 bruchium.

312 5069 338 5147 *)
360 5077 536 5132 Praeccdunt
562 5079 592 5133 iu
619 5079 714 5134 codice
735 5080 815 5134 A12
844 5081 949 5136 verba:
978 5077 1045 5135 UBI
1066 5078 1248 5138 FUERUNT
1269 5079 1396 5135 XXXIII
1418 5078 1541 5135 DUCES
1564 5080 1611 5134 ET
1633 5079 1761 5134 XXXIII
1783 5081 1854 5135 EPI-

361 5177 468 5236 SCOPI
489 5180 538 5235 ET
557 5181 638 5238 XLV
660 5180 831 5238 COMI'I'ES.

301 5366 329 5438 1)
358 5365 419 5435 Osr.
449 5366 507 5422 Lex
534 5369 630 5437 LVII,
655 5370 682 5426 6.
701 5370 729 5425 t.
831 5371 861 5444 2)
894 5370 990 5425 Trium
1017 5373 1123 5426 testium
1152 5390 1281 5427 numerus
1302 5373 1373 5444 Lepi
1394 5373 1511 5428 Sulicac
1534 5373 1670 5442 proprius
1699 5379 1746 5428 cst.
1794 5372 1854 5441 Csr.

192 5465 223 5524 J.
245 5468 276 5525 J.
302 5469 459 5538 IIroniseeu,
483 5469 721 5542 ‘L'orpunieution
743 5473 896 5529 iudiciuin
919 5515 976 5530 ...
999 5477 1034 5530 de
1054 5476 1084 5530 la
1107 5477 1161 5529 Irni
1183 5475 1307 5546 Soliquc’
1330 5476 1440 5548 (1882)
1459 5498 1489 5549 p.
1507 5477 1577 5532 503.
1599 5475 1668 5536 504.
1757 5475 1787 5547 3)
1811 5477 1855 5530 De

147 5583 177 5623 to
192 5569 364 5628 iuratoribus
388 5573 488 5630 mediis
513 5575 607 5629 electio
632 5577 686 5645 csr.
713 5578 749 5636 6.
768 5577 869 5646 Waitz,
896 5579 971 5634 ‘Dar
997 5580 1053 5633 ulte
1078 5579 1165 5633 necor
1191 5581 1241 5633 der
1266 5581 1401 5635 ralieclren
1427 5579 1567 5636 Itnnkcn'
1592 5580 1608 5646 (
1612 5581 1702 5651 1846)
1726 5599 1758 5650 p.
1786 5579 1853 5635 172.

194 5673 224 5748 r)
248 5675 442 5731 uncum
457 5677 564 5740 uetere.
610 5678 669 5748 cfr.
694 5681 753 5736 nn.
777 5665 872 5736 norm.
891 5700 922 5752 p.
942 5681 1011 5739 ττι.
1081 5681 1382 5756 5)0sr.LextV11,
1407 5685 1435 5741 4.
1502 5685 1532 5752 o)
1557 5683 1617 5752 cfr.
1636 5685 1696 5738 res
1712 5682 1808 5762 nvrr,
1824 5684 1853 5739 3.

195 5777 225 5850 7)
247 5778 308 5848 Osr.
332 5779 391 5834 Lex
414 5780 510 5851 LVII,
534 5781 581 5838 13.
674 5783 705 5856 8)
734 5783 794 5852 Osr.
825 5785 882 5839 Lex
908 5785 1003 5854 LVII,
1030 5787 1077 5842 14.
1164 5785 1194 5858 9)
1223 5786 1284 5855 Osr.
1312 5785 1373 5842 Lex
1397 5789 1492 5856 LVII,
1517 5788 1545 5843 8.
1637 5786 1685 5857 10)
1710 5785 1770 5854 Csr.
1796 5788 1854 5842 Lex

195 5881 292 5952 LVII,
316 5883 344 5938 9.
432 5883 482 5956 11)
506 5883 566 5954 Osr.
589 5886 648 5940 Lex
669 5887 764 5957 LVII,
788 5887 838 5943 31.
