<?xml version="1.0" encoding="UTF-8"?>
<!DOCTYPE html PUBLIC "-//W3C//DTD XHTML 1.0 Transitional//EN"
    "http://www.w3.org/TR/xhtml1/DTD/xhtml1-transitional.dtd">
<html xmlns="http://www.w3.org/1999/xhtml" xml:lang="en" lang="en">
 <head>
  <title>
</title>
<meta http-equiv="Content-Type" content="text/html;charset=utf-8" />
  <meta name='ocr-system' content='tesseract 3.04.00' />
  <meta name='ocr-capabilities' content='ocr_page ocr_carea ocr_par ocr_line ocrx_word'/>
</head>
<body>
  <div class='ocr_page' id='page_1' title='image "./legesalamannoru00lehmgoog/legesalamannoru00lehmgoog_0196.png"; bbox 0 0 4634 6420; ppageno 0'>
   <div class='ocr_carea' id='block_1_1' title="bbox 706 1461 1360 1612">
    <p class='ocr_par' dir='ltr' id='par_1_1' title="bbox 706 1461 1360 1612">
     <span class='ocr_line' id='line_1_1' title="bbox 706 1461 1360 1612; baseline 0 0"><span class='ocrx_word' id='word_1_1' title='bbox 706 1461 1360 1612; x_wconf 85' lang='lat' dir='ltr'><strong>PRAEFATIO.</strong></span> 
     </span>
    </p>
   </div>
   <div class='ocr_carea' id='block_1_2' title="bbox 624 1807 1452 2087">
    <p class='ocr_par' dir='ltr' id='par_1_2' title="bbox 624 1807 1452 2087">
     <span class='ocr_line' id='line_1_2' title="bbox 624 1807 1452 1886; baseline 0 -4"><span class='ocrx_word' id='word_1_2' title='bbox 624 1809 706 1882; x_wconf 81' lang='lat' dir='ltr'><em>DE</em></span> <span class='ocrx_word' id='word_1_3' title='bbox 736 1807 991 1885; x_wconf 80' lang='lat' dir='ltr'><em>LEGIBUS</em></span> <span class='ocrx_word' id='word_1_4' title='bbox 1021 1807 1452 1886; x_wconf 85' lang='lat' dir='ltr'><em>BAIWARIORUM.</em></span> 
     </span>
     <span class='ocr_line' id='line_1_3' title="bbox 846 2001 1230 2087; baseline -0.003 -20"><span class='ocrx_word' id='word_1_5' title='bbox 846 2001 871 2084; x_wconf 64' lang='grc' dir='ltr'><em>ἒ</em></span> <span class='ocrx_word' id='word_1_6' title='bbox 896 2009 924 2067; x_wconf 90' lang='grc'><em>1.</em></span> <span class='ocrx_word' id='word_1_7' title='bbox 961 2003 1012 2069; x_wconf 90' lang='lat' dir='ltr'><em>De</em></span> <span class='ocrx_word' id='word_1_8' title='bbox 1036 2001 1123 2086; x_wconf 78' lang='lat' dir='ltr'><em>‘lepe’</em></span> <span class='ocrx_word' id='word_1_9' title='bbox 1147 2003 1230 2087; x_wconf 89' lang='lat' dir='ltr'><em>ipsa.</em></span> 
     </span>
    </p>
   </div>
   <div class='ocr_carea' id='block_1_3' title="bbox 164 2143 1932 5647">
    <p class='ocr_par' dir='ltr' id='par_1_3' title="bbox 171 2143 1864 2443">
     <span class='ocr_line' id='line_1_4' title="bbox 313 2143 1864 2228; baseline 0.001 -19"><span class='ocrx_word' id='word_1_10' title='bbox 313 2143 388 2210; x_wconf 89' lang='lat' dir='ltr'><em>Hac</em></span> <span class='ocrx_word' id='word_1_11' title='bbox 422 2165 504 2210; x_wconf 87' lang='lat' dir='ltr'><em>nova</em></span> <span class='ocrx_word' id='word_1_12' title='bbox 539 2143 678 2211; x_wconf 77' lang='lat' dir='ltr'><em>editione</em></span> <span class='ocrx_word' id='word_1_13' title='bbox 713 2144 876 2228; x_wconf 87' lang='lat' dir='ltr'><em>imprimis</em></span> <span class='ocrx_word' id='word_1_14' title='bbox 909 2167 948 2211; x_wconf 91' lang='lat' dir='ltr'><em>ea</em></span> <span class='ocrx_word' id='word_1_15' title='bbox 982 2146 1034 2211; x_wconf 80' lang='lat' dir='ltr'><em>lec</em></span> <span class='ocrx_word' id='word_1_16' title='bbox 1071 2145 1251 2211; x_wconf 72' lang='lat' dir='ltr'><em>continetur</em></span> <span class='ocrx_word' id='word_1_17' title='bbox 1286 2145 1338 2210; x_wconf 79' lang='lat' dir='ltr'><em>croi</em></span> <span class='ocrx_word' id='word_1_18' title='bbox 1371 2145 1437 2210; x_wconf 89' lang='lat' dir='ltr'><em>iam</em></span> <span class='ocrx_word' id='word_1_19' title='bbox 1472 2146 1593 2210; x_wconf 90' lang='lat' dir='ltr'><em>dudum</em></span> <span class='ocrx_word' id='word_1_20' title='bbox 1626 2165 1740 2210; x_wconf 89' lang='lat' dir='ltr'><em>nomen</em></span> <span class='ocrx_word' id='word_1_21' title='bbox 1774 2144 1864 2227; x_wconf 76' lang='lat' dir='ltr'><em>‘lepis</em></span> 
     </span>
     <span class='ocr_line' id='line_1_5' title="bbox 171 2250 1863 2336; baseline -0.001 -18"><span class='ocrx_word' id='word_1_22' title='bbox 171 2280 183 2319; x_wconf 81' lang='lat' dir='ltr'><em>s</em></span> <span class='ocrx_word' id='word_1_23' title='bbox 207 2251 464 2317; x_wconf 82' lang='lat' dir='ltr'><em>Baicoariarum’</em></span> <span class='ocrx_word' id='word_1_24' title='bbox 488 2251 627 2316; x_wconf 88' lang='lat' dir='ltr'><em>inditum</em></span> <span class='ocrx_word' id='word_1_25' title='bbox 647 2259 700 2331; x_wconf 81' lang='lat' dir='ltr'><em>ast,</em></span> <span class='ocrx_word' id='word_1_26' title='bbox 725 2259 791 2317; x_wconf 90' lang='lat' dir='ltr'><em>tum</em></span> <span class='ocrx_word' id='word_1_27' title='bbox 809 2253 933 2318; x_wconf 87' lang='lat' dir='ltr'><em>decreta</em></span> <span class='ocrx_word' id='word_1_28' title='bbox 957 2250 1162 2318; x_wconf 83' lang='lat' dir='ltr'><em>conciliorum</em></span> <span class='ocrx_word' id='word_1_29' title='bbox 1185 2274 1223 2317; x_wconf 89' lang='lat' dir='ltr'><em>ae</em></span> <span class='ocrx_word' id='word_1_30' title='bbox 1246 2250 1443 2336; x_wconf 88' lang='lat' dir='ltr'><em>capitularia</em></span> <span class='ocrx_word' id='word_1_31' title='bbox 1464 2273 1573 2336; x_wconf 72' lang='lat' dir='ltr'><em>repunt</em></span> <span class='ocrx_word' id='word_1_32' title='bbox 1596 2273 1676 2335; x_wconf 79' lang='lat' dir='ltr'><em>quae</em></span> <span class='ocrx_word' id='word_1_33' title='bbox 1701 2253 1745 2317; x_wconf 91' lang='lat' dir='ltr'><em>cd</em></span> <span class='ocrx_word' id='word_1_34' title='bbox 1767 2251 1863 2334; x_wconf 79' lang='lat' dir='ltr'><em>lepem</em></span> 
     </span>
     <span class='ocr_line' id='line_1_6' title="bbox 206 2357 812 2443; baseline -0.003 -21"><span class='ocrx_word' id='word_1_35' title='bbox 206 2358 312 2442; x_wconf 79' lang='lat' dir='ltr'><em>ipsam</em></span> <span class='ocrx_word' id='word_1_36' title='bbox 334 2363 363 2422; x_wconf 91' lang='lat' dir='ltr'><em>et</em></span> <span class='ocrx_word' id='word_1_37' title='bbox 385 2360 429 2422; x_wconf 87' lang='lat' dir='ltr'><em>ad</em></span> <span class='ocrx_word' id='word_1_38' title='bbox 450 2357 638 2424; x_wconf 82' lang='lat' dir='ltr'><em>Baisoarias</em></span> <span class='ocrx_word' id='word_1_39' title='bbox 658 2365 812 2443; x_wconf 85' lang='lat' dir='ltr'><em>spectant.</em></span> 
     </span>
    </p>

    <p class='ocr_par' dir='ltr' id='par_1_4' title="bbox 212 2463 1864 2764">
     <span class='ocr_line' id='line_1_7' title="bbox 314 2463 1862 2550; baseline -0.001 -20"><span class='ocrx_word' id='word_1_40' title='bbox 314 2463 428 2546; x_wconf 81' lang='lat' dir='ltr'><em>Lepem</em></span> <span class='ocrx_word' id='word_1_41' title='bbox 459 2464 703 2532; x_wconf 80' lang='lat' dir='ltr'><em>Bairoarioruni</em></span> <span class='ocrx_word' id='word_1_42' title='bbox 732 2472 918 2531; x_wconf 88' lang='lat' dir='ltr'><em>accuratam</em></span> <span class='ocrx_word' id='word_1_43' title='bbox 947 2466 1049 2548; x_wconf 69' lang='lat' dir='ltr'><em>baum</em></span> <span class='ocrx_word' id='word_1_44' title='bbox 1077 2463 1327 2549; x_wconf 88' lang='lat' dir='ltr'><em>compilationem</em></span> <span class='ocrx_word' id='word_1_45' title='bbox 1357 2487 1423 2532; x_wconf 87' lang='lat' dir='ltr'><em>esse</em></span> <span class='ocrx_word' id='word_1_46' title='bbox 1451 2486 1539 2531; x_wconf 89' lang='lat' dir='ltr'><em>nemo</em></span> <span class='ocrx_word' id='word_1_47' title='bbox 1568 2471 1614 2530; x_wconf 89' lang='lat' dir='ltr'><em>est</em></span> <span class='ocrx_word' id='word_1_48' title='bbox 1644 2465 1701 2548; x_wconf 78' lang='lat' dir='ltr'><em>qui</em></span> <span class='ocrx_word' id='word_1_49' title='bbox 1730 2464 1862 2550; x_wconf 84' lang='lat' dir='ltr'><em>ipnoret.</em></span> 
     </span>
     <span class='ocr_line' id='line_1_8' title="bbox 212 2570 1863 2655; baseline -0.001 -19"><span class='ocrx_word' id='word_1_50' title='bbox 212 2575 299 2652; x_wconf 76' lang='lat' dir='ltr'><em>Qrcae</em></span> <span class='ocrx_word' id='word_1_51' title='bbox 328 2571 505 2655; x_wconf 86' lang='lat' dir='ltr'><em>compilatio</em></span> <span class='ocrx_word' id='word_1_52' title='bbox 535 2572 639 2637; x_wconf 72' lang='lat' dir='ltr'><em>variis</em></span> <span class='ocrx_word' id='word_1_53' title='bbox 668 2573 828 2638; x_wconf 75' lang='lat' dir='ltr'><em>codicibus</em></span> <span class='ocrx_word' id='word_1_54' title='bbox 858 2571 984 2638; x_wconf 90' lang='lat' dir='ltr'><em>tradita</em></span> <span class='ocrx_word' id='word_1_55' title='bbox 1016 2579 1046 2638; x_wconf 91' lang='lat' dir='ltr'><em>et</em></span> <span class='ocrx_word' id='word_1_56' title='bbox 1077 2571 1114 2637; x_wconf 93' lang='lat' dir='ltr'><em>in</em></span> <span class='ocrx_word' id='word_1_57' title='bbox 1140 2571 1239 2637; x_wconf 92' lang='lat' dir='ltr'><em>XXI</em></span> <span class='ocrx_word' id='word_1_58' title='bbox 1257 2573 1305 2638; x_wconf 89' lang='lat' dir='ltr'><em>uel</em></span> <span class='ocrx_word' id='word_1_59' title='bbox 1330 2571 1452 2637; x_wconf 92' lang='lat' dir='ltr'><strong><em>XXII</em></strong></span> <span class='ocrx_word' id='word_1_60' title='bbox 1469 2572 1577 2638; x_wconf 91' lang='lat' dir='ltr'><em>titulos</em></span> <span class='ocrx_word' id='word_1_61' title='bbox 1606 2577 1701 2655; x_wconf 77' lang='lat' dir='ltr'><em>atque</em></span> <span class='ocrx_word' id='word_1_62' title='bbox 1730 2570 1798 2651; x_wconf 84' lang='lat' dir='ltr'><em>fere</em></span> <span class='ocrx_word' id='word_1_63' title='bbox 1827 2571 1863 2635; x_wconf 91' lang='lat' dir='ltr'><em>in</em></span> 
     </span>
     <span class='ocr_line' id='line_1_9' title="bbox 213 2676 1864 2764; baseline -0.001 -21"><span class='ocrx_word' id='word_1_64' title='bbox 213 2676 300 2743; x_wconf 81' lang='lat' dir='ltr'><em>CCL</em></span> <span class='ocrx_word' id='word_1_65' title='bbox 323 2677 439 2760; x_wconf 89' lang='lat' dir='ltr'><em>capita,</em></span> <span class='ocrx_word' id='word_1_66' title='bbox 470 2685 506 2744; x_wconf 92' lang='lat' dir='ltr'><em>ut</em></span> <span class='ocrx_word' id='word_1_67' title='bbox 528 2678 649 2760; x_wconf 78' lang='lat' dir='ltr'><em>diurni,</em></span> <span class='ocrx_word' id='word_1_68' title='bbox 675 2679 781 2744; x_wconf 87' lang='lat' dir='ltr'><em>divisa</em></span> <span class='ocrx_word' id='word_1_69' title='bbox 803 2700 899 2761; x_wconf 82' lang='lat' dir='ltr'><em>quam</em></span> <span class='ocrx_word' id='word_1_70' title='bbox 924 2679 1088 2762; x_wconf 88' lang='lat' dir='ltr'><em>plurimas</em></span> <span class='ocrx_word' id='word_1_71' title='bbox 1109 2679 1197 2744; x_wconf 89' lang='lat' dir='ltr'><em>iuris</em></span> <span class='ocrx_word' id='word_1_72' title='bbox 1221 2685 1334 2763; x_wconf 92' lang='lat' dir='ltr'><em>partes</em></span> <span class='ocrx_word' id='word_1_73' title='bbox 1356 2679 1565 2764; x_wconf 79' lang='lat' dir='ltr'><em>amplectitur.</em></span> <span class='ocrx_word' id='word_1_74' title='bbox 1616 2677 1695 2744; x_wconf 78' lang='lat' dir='ltr'><em>Orsrn</em></span> <span class='ocrx_word' id='word_1_75' title='bbox 1716 2679 1775 2743; x_wconf 78' lang='lat' dir='ltr'><em>irin</em></span> <span class='ocrx_word' id='word_1_76' title='bbox 1796 2678 1864 2743; x_wconf 86' lang='lat' dir='ltr'><em>ulla</em></span> 
     </span>
    </p>

    <p class='ocr_par' dir='ltr' id='par_1_5' title="bbox 164 2783 1865 3405">
     <span class='ocr_line' id='line_1_10' title="bbox 164 2783 1863 2870; baseline -0.002 -17"><span class='ocrx_word' id='word_1_77' title='bbox 164 2815 189 2853; x_wconf 78' lang='grc' dir='ltr'><em>ιο</em></span> <span class='ocrx_word' id='word_1_78' title='bbox 204 2807 285 2866; x_wconf 83' lang='lat' dir='ltr'><em>pars</em></span> <span class='ocrx_word' id='word_1_79' title='bbox 306 2784 390 2850; x_wconf 87' lang='lat' dir='ltr'><em>uitae</em></span> <span class='ocrx_word' id='word_1_80' title='bbox 409 2785 560 2870; x_wconf 86' lang='lat' dir='ltr'><em>publicae</em></span> <span class='ocrx_word' id='word_1_81' title='bbox 577 2786 786 2869; x_wconf 80' lang='lat' dir='ltr'><em>priuataeque</em></span> <span class='ocrx_word' id='word_1_82' title='bbox 810 2787 929 2851; x_wconf 90' lang='lat' dir='ltr'><em>omissa</em></span> <span class='ocrx_word' id='word_1_83' title='bbox 951 2792 1006 2864; x_wconf 87' lang='lat' dir='ltr'><em>est,</em></span> <span class='ocrx_word' id='word_1_84' title='bbox 1035 2792 1101 2851; x_wconf 92' lang='lat' dir='ltr'><em>tum</em></span> <span class='ocrx_word' id='word_1_85' title='bbox 1125 2785 1365 2852; x_wconf 89' lang='lat' dir='ltr'><em>accuratissime</em></span> <span class='ocrx_word' id='word_1_86' title='bbox 1388 2787 1426 2851; x_wconf 88' lang='lat' dir='ltr'><em>de</em></span> <span class='ocrx_word' id='word_1_87' title='bbox 1448 2785 1577 2850; x_wconf 81' lang='lat' dir='ltr'><em>iuribus</em></span> <span class='ocrx_word' id='word_1_88' title='bbox 1595 2785 1741 2851; x_wconf 88' lang='lat' dir='ltr'><em>ecclesiae</em></span> <span class='ocrx_word' id='word_1_89' title='bbox 1764 2783 1863 2850; x_wconf 76' lang='lat' dir='ltr'><em>ducis·</em></span> 
     </span>
     <span class='ocr_line' id='line_1_11' title="bbox 180 2883 1865 2977; baseline 0.001 -21"><span class='ocrx_word' id='word_1_90' title='bbox 180 2909 182 2911; x_wconf 86' lang='grc'><em>·</em></span> <span class='ocrx_word' id='word_1_91' title='bbox 207 2913 265 2972; x_wconf 76' lang='lat' dir='ltr'><em>que</em></span> <span class='ocrx_word' id='word_1_92' title='bbox 280 2890 523 2958; x_wconf 77' lang='lat' dir='ltr'><em>Baicoariorum</em></span> <span class='ocrx_word' id='word_1_93' title='bbox 547 2899 577 2958; x_wconf 87' lang='lat' dir='ltr'><em>et</em></span> <span class='ocrx_word' id='word_1_94' title='bbox 599 2893 637 2959; x_wconf 89' lang='lat' dir='ltr'><em>de</em></span> <span class='ocrx_word' id='word_1_95' title='bbox 659 2883 897 2976; x_wconf 77' lang='lat' dir='ltr'><em>quaestionibus</em></span> <span class='ocrx_word' id='word_1_96' title='bbox 918 2893 962 2958; x_wconf 92' lang='lat' dir='ltr'><em>ad</em></span> <span class='ocrx_word' id='word_1_97' title='bbox 980 2893 1032 2958; x_wconf 90' lang='lat' dir='ltr'><em>ius</em></span> <span class='ocrx_word' id='word_1_98' title='bbox 1049 2892 1217 2974; x_wconf 90' lang='lat' dir='ltr'><em>publicum</em></span> <span class='ocrx_word' id='word_1_99' title='bbox 1233 2892 1474 2977; x_wconf 87' lang='lat' dir='ltr'><em>pertinentibus</em></span> <span class='ocrx_word' id='word_1_100' title='bbox 1491 2892 1529 2957; x_wconf 92' lang='lat' dir='ltr'><em>in</em></span> <span class='ocrx_word' id='word_1_101' title='bbox 1543 2915 1581 2958; x_wconf 89' lang='lat' dir='ltr'><em>ea</em></span> <span class='ocrx_word' id='word_1_102' title='bbox 1599 2891 1719 2974; x_wconf 78' lang='lat' dir='ltr'><em>apitur.</em></span> <span class='ocrx_word' id='word_1_103' title='bbox 1755 2892 1865 2974; x_wconf 76' lang='lat' dir='ltr'><em>Neque</em></span> 
     </span>
     <span class='ocr_line' id='line_1_12' title="bbox 207 2998 1865 3084; baseline 0.001 -22"><span class='ocrx_word' id='word_1_104' title='bbox 207 2999 261 3063; x_wconf 91' lang='lat' dir='ltr'><em>ius</em></span> <span class='ocrx_word' id='word_1_105' title='bbox 285 2998 452 3082; x_wconf 87' lang='lat' dir='ltr'><em>priuatum</em></span> <span class='ocrx_word' id='word_1_106' title='bbox 480 3020 579 3082; x_wconf 78' lang='lat' dir='ltr'><em>neque</em></span> <span class='ocrx_word' id='word_1_107' title='bbox 609 2999 778 3066; x_wconf 88' lang='lat' dir='ltr'><em>criminale</em></span> <span class='ocrx_word' id='word_1_108' title='bbox 807 2999 935 3064; x_wconf 90' lang='lat' dir='ltr'><em>omnino</em></span> <span class='ocrx_word' id='word_1_109' title='bbox 962 2999 1229 3084; x_wconf 86' lang='lat' dir='ltr'><em>praetermissum</em></span> <span class='ocrx_word' id='word_1_110' title='bbox 1258 3020 1323 3065; x_wconf 89' lang='lat' dir='ltr'><em>esse</em></span> <span class='ocrx_word' id='word_1_111' title='bbox 1346 2999 1472 3065; x_wconf 79' lang='lat' dir='ltr'><em>dixeris</em></span> <span class='ocrx_word' id='word_1_112' title='bbox 1500 3019 1599 3082; x_wconf 81' lang='lat' dir='ltr'><em>neque</em></span> <span class='ocrx_word' id='word_1_113' title='bbox 1623 3005 1797 3083; x_wconf 84' lang='lat' dir='ltr'><em>praecepta</em></span> <span class='ocrx_word' id='word_1_114' title='bbox 1827 2999 1865 3063; x_wconf 90' lang='lat' dir='ltr'><em>de</em></span> 
     </span>
     <span class='ocr_line' id='line_1_13' title="bbox 208 3105 1865 3190; baseline 0 -20"><span class='ocrx_word' id='word_1_115' title='bbox 208 3105 315 3170; x_wconf 89' lang='lat' dir='ltr'><em>causis</em></span> <span class='ocrx_word' id='word_1_116' title='bbox 337 3106 470 3188; x_wconf 77' lang='lat' dir='ltr'><em>apendis</em></span> <span class='ocrx_word' id='word_1_117' title='bbox 494 3108 616 3172; x_wconf 69' lang='lat' dir='ltr'><em>cluunt.</em></span> <span class='ocrx_word' id='word_1_118' title='bbox 662 3107 756 3172; x_wconf 85' lang='lat' dir='ltr'><em>Licet</em></span> <span class='ocrx_word' id='word_1_119' title='bbox 786 3106 822 3171; x_wconf 91' lang='lat' dir='ltr'><em>in</em></span> <span class='ocrx_word' id='word_1_120' title='bbox 852 3105 912 3172; x_wconf 88' lang='lat' dir='ltr'><em>bac</em></span> <span class='ocrx_word' id='word_1_121' title='bbox 946 3107 1010 3189; x_wconf 78' lang='lat' dir='ltr'><em>lepe</em></span> <span class='ocrx_word' id='word_1_122' title='bbox 1041 3108 1171 3171; x_wconf 88' lang='lat' dir='ltr'><em>ordoet</em></span> <span class='ocrx_word' id='word_1_123' title='bbox 1206 3113 1357 3172; x_wconf 85' lang='lat' dir='ltr'><em>accurata</em></span> <span class='ocrx_word' id='word_1_124' title='bbox 1380 3106 1483 3172; x_wconf 91' lang='lat' dir='ltr'><em>omnis</em></span> <span class='ocrx_word' id='word_1_125' title='bbox 1505 3105 1591 3171; x_wconf 91' lang='lat' dir='ltr'><em>iuris</em></span> <span class='ocrx_word' id='word_1_126' title='bbox 1613 3105 1778 3190; x_wconf 72' lang='lat' dir='ltr'><em>dispositio</em></span> <span class='ocrx_word' id='word_1_127' title='bbox 1800 3126 1865 3170; x_wconf 92' lang='lat' dir='ltr'><em>non</em></span> 
     </span>
     <span class='ocr_line' id='line_1_14' title="bbox 208 3211 1863 3298; baseline 0.002 -23"><span class='ocrx_word' id='word_1_128' title='bbox 208 3211 402 3292; x_wconf 87' lang='lat' dir='ltr'><em>inueniatur,</em></span> <span class='ocrx_word' id='word_1_129' title='bbox 428 3218 534 3278; x_wconf 89' lang='lat' dir='ltr'><em>tamen</em></span> <span class='ocrx_word' id='word_1_130' title='bbox 557 3213 810 3280; x_wconf 86' lang='lat' dir='ltr'><em>coniunctionem</em></span> <span class='ocrx_word' id='word_1_131' title='bbox 832 3214 996 3298; x_wconf 84' lang='lat' dir='ltr'><em>quandam</em></span> <span class='ocrx_word' id='word_1_132' title='bbox 1021 3212 1170 3298; x_wconf 91' lang='lat' dir='ltr'><em>partium</em></span> <span class='ocrx_word' id='word_1_133' title='bbox 1200 3213 1289 3279; x_wconf 88' lang='lat' dir='ltr'><em>inter</em></span> <span class='ocrx_word' id='word_1_134' title='bbox 1311 3234 1343 3278; x_wconf 90' lang='lat' dir='ltr'><em>se</em></span> <span class='ocrx_word' id='word_1_135' title='bbox 1372 3213 1608 3278; x_wconf 83' lang='lat' dir='ltr'><em>cohaerentium</em></span> <span class='ocrx_word' id='word_1_136' title='bbox 1630 3213 1689 3278; x_wconf 85' lang='lat' dir='ltr'><em>bac</em></span> <span class='ocrx_word' id='word_1_137' title='bbox 1712 3213 1774 3296; x_wconf 75' lang='lat' dir='ltr'><em>leae</em></span> <span class='ocrx_word' id='word_1_138' title='bbox 1796 3233 1863 3278; x_wconf 89' lang='lat' dir='ltr'><em>eon-</em></span> 
     </span>
     <span class='ocr_line' id='line_1_15' title="bbox 164 3319 648 3405; baseline -0.002 -20"><span class='ocrx_word' id='word_1_139' title='bbox 164 3347 190 3386; x_wconf 85' lang='lat' dir='ltr'><em>1s</em></span> <span class='ocrx_word' id='word_1_140' title='bbox 208 3319 307 3384; x_wconf 89' lang='lat' dir='ltr'><em>lineri</em></span> <span class='ocrx_word' id='word_1_141' title='bbox 329 3341 446 3402; x_wconf 75' lang='lat' dir='ltr'><em>maore</em></span> <span class='ocrx_word' id='word_1_142' title='bbox 468 3343 532 3386; x_wconf 91' lang='lat' dir='ltr'><em>non</em></span> <span class='ocrx_word' id='word_1_143' title='bbox 549 3328 648 3405; x_wconf 88' lang='lat' dir='ltr'><em>potes.</em></span> 
     </span>
    </p>

    <p class='ocr_par' dir='ltr' id='par_1_6' title="bbox 208 3425 1865 3832">
     <span class='ocr_line' id='line_1_16' title="bbox 318 3425 1865 3510; baseline -0.001 -19"><span class='ocrx_word' id='word_1_144' title='bbox 318 3429 422 3507; x_wconf 76' lang='lat' dir='ltr'><em>Quam</em></span> <span class='ocrx_word' id='word_1_145' title='bbox 445 3429 541 3510; x_wconf 70' lang='lat' dir='ltr'><em>leuem</em></span> <span class='ocrx_word' id='word_1_146' title='bbox 564 3451 604 3493; x_wconf 79' lang='lat' dir='ltr'><em>en</em></span> <span class='ocrx_word' id='word_1_147' title='bbox 626 3428 732 3493; x_wconf 89' lang='lat' dir='ltr'><em>variis</em></span> <span class='ocrx_word' id='word_1_148' title='bbox 754 3427 899 3508; x_wconf 84' lang='lat' dir='ltr'><em>fontibus</em></span> <span class='ocrx_word' id='word_1_149' title='bbox 922 3427 1016 3508; x_wconf 89' lang='lat' dir='ltr'><em>iuris,</em></span> <span class='ocrx_word' id='word_1_150' title='bbox 1041 3434 1077 3491; x_wconf 92' lang='lat' dir='ltr'><em>ut</em></span> <span class='ocrx_word' id='word_1_151' title='bbox 1093 3433 1204 3510; x_wconf 90' lang='lat' dir='ltr'><em>postea</em></span> <span class='ocrx_word' id='word_1_152' title='bbox 1224 3426 1503 3506; x_wconf 85' lang='lat' dir='ltr'><em>denwnstrabitur,</em></span> <span class='ocrx_word' id='word_1_153' title='bbox 1528 3431 1631 3491; x_wconf 89' lang='lat' dir='ltr'><em>ortam</em></span> <span class='ocrx_word' id='word_1_154' title='bbox 1649 3448 1714 3492; x_wconf 90' lang='lat' dir='ltr'><em>esse</em></span> <span class='ocrx_word' id='word_1_155' title='bbox 1731 3449 1771 3492; x_wconf 80' lang='lat' dir='ltr'><em>en</em></span> <span class='ocrx_word' id='word_1_156' title='bbox 1792 3425 1865 3510; x_wconf 91' lang='lat' dir='ltr'><em>ipsa</em></span> 
     </span>
     <span class='ocr_line' id='line_1_17' title="bbox 208 3533 1865 3618; baseline 0.001 -22"><span class='ocrx_word' id='word_1_157' title='bbox 208 3533 418 3617; x_wconf 73' lang='lat' dir='ltr'><em>dispositione</em></span> <span class='ocrx_word' id='word_1_158' title='bbox 439 3535 592 3600; x_wconf 87' lang='lat' dir='ltr'><em>materiae</em></span> <span class='ocrx_word' id='word_1_159' title='bbox 614 3533 667 3600; x_wconf 86' lang='lat' dir='ltr'><em>bic</em></span> <span class='ocrx_word' id='word_1_160' title='bbox 688 3533 757 3600; x_wconf 87' lang='lat' dir='ltr'><em>illie</em></span> <span class='ocrx_word' id='word_1_161' title='bbox 779 3555 962 3616; x_wconf 70' lang='lat' dir='ltr'><em>sequanas,</em></span> <span class='ocrx_word' id='word_1_162' title='bbox 991 3533 1121 3599; x_wconf 93' lang='lat' dir='ltr'><em>iamin</em></span> <span class='ocrx_word' id='word_1_163' title='bbox 1142 3533 1262 3618; x_wconf 86' lang='lat' dir='ltr'><em>primis</em></span> <span class='ocrx_word' id='word_1_164' title='bbox 1285 3533 1386 3599; x_wconf 83' lang='lat' dir='ltr'><em>titulis</em></span> <span class='ocrx_word' id='word_1_165' title='bbox 1408 3555 1433 3598; x_wconf 90' lang='lat' dir='ltr'><em>e.</em></span> <span class='ocrx_word' id='word_1_166' title='bbox 1455 3554 1486 3615; x_wconf 77' lang='lat' dir='ltr'><em>p.</em></span> <span class='ocrx_word' id='word_1_167' title='bbox 1510 3533 1763 3598; x_wconf 82' lang='lat' dir='ltr'><em>retractationem</em></span> <span class='ocrx_word' id='word_1_168' title='bbox 1786 3533 1865 3617; x_wconf 79' lang='lat' dir='ltr'><em>lepis</em></span> 
     </span>
     <span class='ocr_line' id='line_1_18' title="bbox 208 3639 1864 3725; baseline -0.001 -21"><span class='ocrx_word' id='word_1_169' title='bbox 208 3661 316 3722; x_wconf 70' lang='lat' dir='ltr'><em>repunt</em></span> <span class='ocrx_word' id='word_1_170' title='bbox 339 3639 542 3706; x_wconf 84' lang='lat' dir='ltr'><em>Francorum</em></span> <span class='ocrx_word' id='word_1_171' title='bbox 564 3663 660 3724; x_wconf 80' lang='lat' dir='ltr'><em>qnam</em></span> <span class='ocrx_word' id='word_1_172' title='bbox 683 3640 874 3725; x_wconf 82' lang='lat' dir='ltr'><em>temporibus</em></span> <span class='ocrx_word' id='word_1_173' title='bbox 897 3640 1131 3722; x_wconf 82' lang='lat' dir='ltr'><em>Meroviupiais</em></span> <span class='ocrx_word' id='word_1_174' title='bbox 1154 3647 1257 3706; x_wconf 90' lang='lat' dir='ltr'><em>ortam</em></span> <span class='ocrx_word' id='word_1_175' title='bbox 1281 3661 1345 3705; x_wconf 84' lang='lat' dir='ltr'><em>esse</em></span> <span class='ocrx_word' id='word_1_176' title='bbox 1369 3661 1432 3724; x_wconf 93' lang='lat' dir='ltr'><em>pro</em></span> <span class='ocrx_word' id='word_1_177' title='bbox 1455 3644 1537 3705; x_wconf 86' lang='lat' dir='ltr'><em>certo</em></span> <span class='ocrx_word' id='word_1_178' title='bbox 1559 3639 1686 3718; x_wconf 86' lang='lat' dir='ltr'><em>babeas,</em></span> <span class='ocrx_word' id='word_1_179' title='bbox 1713 3639 1752 3704; x_wconf 92' lang='lat' dir='ltr'><em>in</em></span> <span class='ocrx_word' id='word_1_180' title='bbox 1776 3639 1864 3704; x_wconf 88' lang='lat' dir='ltr'><em>titula</em></span> 
     </span>
     <span class='ocr_line' id='line_1_19' title="bbox 211 3745 1864 3832; baseline 0.001 -22"><span class='ocrx_word' id='word_1_181' title='bbox 211 3746 285 3810; x_wconf 88' lang='lat' dir='ltr'><em>XV</em></span> <span class='ocrx_word' id='word_1_182' title='bbox 304 3753 334 3811; x_wconf 91' lang='lat' dir='ltr'><em>et</em></span> <span class='ocrx_word' id='word_1_183' title='bbox 360 3745 457 3812; x_wconf 85' lang='lat' dir='ltr'><em>XVI</em></span> <span class='ocrx_word' id='word_1_184' title='bbox 482 3748 583 3813; x_wconf 87' lang='lat' dir='ltr'><em>multa</em></span> <span class='ocrx_word' id='word_1_185' title='bbox 612 3747 719 3832; x_wconf 89' lang='lat' dir='ltr'><em>capita</em></span> <span class='ocrx_word' id='word_1_186' title='bbox 753 3747 905 3813; x_wconf 88' lang='lat' dir='ltr'><em>continua</em></span> <span class='ocrx_word' id='word_1_187' title='bbox 934 3768 950 3811; x_wconf 90' lang='lat' dir='ltr'><em>e</em></span> <span class='ocrx_word' id='word_1_188' title='bbox 982 3749 1047 3830; x_wconf 79' lang='lat' dir='ltr'><em>lepe</em></span> <span class='ocrx_word' id='word_1_189' title='bbox 1077 3747 1195 3812; x_wconf 75' lang='lat' dir='ltr'><em>Iberici</em></span> <span class='ocrx_word' id='word_1_190' title='bbox 1224 3747 1310 3830; x_wconf 77' lang='lat' dir='ltr'><em>repis</em></span> <span class='ocrx_word' id='word_1_191' title='bbox 1339 3746 1576 3830; x_wconf 79' lang='lat' dir='ltr'><em>Visipotleorum</em></span> <span class='ocrx_word' id='word_1_192' title='bbox 1602 3747 1796 3831; x_wconf 90' lang='lat' dir='ltr'><em>deprompta,</em></span> <span class='ocrx_word' id='word_1_193' title='bbox 1826 3746 1864 3812; x_wconf 90' lang='lat' dir='ltr'><em>in</em></span> 
     </span>
    </p>

    <p class='ocr_par' dir='ltr' id='par_1_7' title="bbox 165 3835 1932 5647">
     <span class='ocr_line' id='line_1_20' title="bbox 165 3835 1865 3938; baseline 0 -19"><span class='ocrx_word' id='word_1_194' title='bbox 165 3835 192 3919; x_wconf 79' lang='lat' dir='ltr'><em>io</em></span> <span class='ocrx_word' id='word_1_195' title='bbox 211 3853 313 3918; x_wconf 90' lang='lat' dir='ltr'><em>titulis</em></span> <span class='ocrx_word' id='word_1_196' title='bbox 330 3852 471 3918; x_wconf 87' lang='lat' dir='ltr'><strong><em>XVIII</em></strong></span> <span class='ocrx_word' id='word_1_197' title='bbox 490 3860 520 3919; x_wconf 92' lang='lat' dir='ltr'><em>et</em></span> <span class='ocrx_word' id='word_1_198' title='bbox 542 3875 624 3938; x_wconf 79' lang='lat' dir='ltr'><em>seqq.</em></span> <span class='ocrx_word' id='word_1_199' title='bbox 649 3855 719 3919; x_wconf 90' lang='lat' dir='ltr'><em>alia</em></span> <span class='ocrx_word' id='word_1_200' title='bbox 737 3876 753 3920; x_wconf 92' lang='lat' dir='ltr'><em>e</em></span> <span class='ocrx_word' id='word_1_201' title='bbox 772 3854 836 3937; x_wconf 78' lang='lat' dir='ltr'><em>lepe</em></span> <span class='ocrx_word' id='word_1_202' title='bbox 853 3853 965 3919; x_wconf 82' lang='lat' dir='ltr'><em>Solica</em></span> <span class='ocrx_word' id='word_1_203' title='bbox 983 3859 1111 3937; x_wconf 88' lang='lat' dir='ltr'><em>sumpta</em></span> <span class='ocrx_word' id='word_1_204' title='bbox 1134 3874 1200 3919; x_wconf 89' lang='lat' dir='ltr'><em>esse</em></span> <span class='ocrx_word' id='word_1_205' title='bbox 1222 3853 1354 3919; x_wconf 87' lang='lat' dir='ltr'><em>uidebis.</em></span> <span class='ocrx_word' id='word_1_206' title='bbox 1393 3854 1496 3933; x_wconf 85' lang='lat' dir='ltr'><em>Adde,</em></span> <span class='ocrx_word' id='word_1_207' title='bbox 1520 3853 1602 3934; x_wconf 82' lang='lat' dir='ltr'><em>quod</em></span> <span class='ocrx_word' id='word_1_208' title='bbox 1624 3874 1640 3917; x_wconf 90' lang='lat' dir='ltr'><em>e</em></span> <span class='ocrx_word' id='word_1_209' title='bbox 1663 3853 1865 3936; x_wconf 84' lang='lat' dir='ltr'><em>dispositione</em></span> 
     </span>
     <span class='ocr_line' id='line_1_21' title="bbox 212 3959 1865 4044; baseline 0.001 -20"><span class='ocrx_word' id='word_1_210' title='bbox 212 3960 373 4025; x_wconf 87' lang='lat' dir='ltr'><em>titulorum</em></span> <span class='ocrx_word' id='word_1_211' title='bbox 405 3961 504 4025; x_wconf 92' lang='lat' dir='ltr'><em>IV-</em></span> <span class='ocrx_word' id='word_1_212' title='bbox 515 3962 567 4026; x_wconf 98' lang='lat' dir='ltr'><em>VI</em></span> <span class='ocrx_word' id='word_1_213' title='bbox 591 3961 701 4026; x_wconf 89' lang='lat' dir='ltr'><em>statim</em></span> <span class='ocrx_word' id='word_1_214' title='bbox 738 3961 952 4044; x_wconf 79' lang='lat' dir='ltr'><em>intellepimus</em></span> <span class='ocrx_word' id='word_1_215' title='bbox 982 3959 1251 4025; x_wconf 88' lang='lat' dir='ltr'><em>enumerationem</em></span> <span class='ocrx_word' id='word_1_216' title='bbox 1285 3959 1534 4044; x_wconf 81' lang='lat' dir='ltr'><em>compositionum</em></span> <span class='ocrx_word' id='word_1_217' title='bbox 1568 3980 1647 4041; x_wconf 77' lang='lat' dir='ltr'><em>arcae</em></span> <span class='ocrx_word' id='word_1_218' title='bbox 1681 3960 1717 4024; x_wconf 91' lang='lat' dir='ltr'><em>ob</em></span> <span class='ocrx_word' id='word_1_219' title='bbox 1751 3959 1865 4026; x_wconf 86' lang='lat' dir='ltr'><em>delicta</em></span> 
     </span>
     <span class='ocr_line' id='line_1_22' title="bbox 211 4065 1865 4150; baseline 0 -19"><span class='ocrx_word' id='word_1_220' title='bbox 211 4073 320 4131; x_wconf 89' lang='lat' dir='ltr'><em>contra</em></span> <span class='ocrx_word' id='word_1_221' title='bbox 344 4067 458 4132; x_wconf 88' lang='lat' dir='ltr'><em>liberos</em></span> <span class='ocrx_word' id='word_1_222' title='bbox 481 4067 611 4132; x_wconf 88' lang='lat' dir='ltr'><em>libertos</em></span> <span class='ocrx_word' id='word_1_223' title='bbox 633 4088 797 4149; x_wconf 79' lang='lat' dir='ltr'><em>seruosque</em></span> <span class='ocrx_word' id='word_1_224' title='bbox 820 4067 987 4133; x_wconf 89' lang='lat' dir='ltr'><em>commissa</em></span> <span class='ocrx_word' id='word_1_225' title='bbox 1009 4073 1085 4131; x_wconf 90' lang='lat' dir='ltr'><em>sunt</em></span> <span class='ocrx_word' id='word_1_226' title='bbox 1107 4067 1283 4146; x_wconf 88' lang='lat' dir='ltr'><em>soluendae,</em></span> <span class='ocrx_word' id='word_1_227' title='bbox 1304 4087 1342 4130; x_wconf 84' lang='lat' dir='ltr'><em>ea</em></span> <span class='ocrx_word' id='word_1_228' title='bbox 1357 4065 1457 4132; x_wconf 89' lang='lat' dir='ltr'><em>edicta</em></span> <span class='ocrx_word' id='word_1_229' title='bbox 1472 4065 1756 4148; x_wconf 77' lang='lat' dir='ltr'><em>Lanpobardorum</em></span> <span class='ocrx_word' id='word_1_230' title='bbox 1778 4067 1865 4150; x_wconf 76' lang='lat' dir='ltr'><em>repis</em></span> 
     </span>
     <span class='ocr_line' id='line_1_23' title="bbox 211 4171 693 4257; baseline 0 -21"><span class='ocrx_word' id='word_1_231' title='bbox 211 4171 352 4237; x_wconf 83' lang='lat' dir='ltr'><em>Ilatbari</em></span> <span class='ocrx_word' id='word_1_232' title='bbox 374 4173 532 4257; x_wconf 80' lang='lat' dir='ltr'><em>oripinem</em></span> <span class='ocrx_word' id='word_1_233' title='bbox 555 4174 693 4240; x_wconf 77' lang='lat' dir='ltr'><em>duxisse.</em></span> 
     </span>
     <span class='ocr_line' id='line_1_24' title="bbox 324 4278 1865 4364; baseline 0 -20"><span class='ocrx_word' id='word_1_234' title='bbox 324 4281 423 4345; x_wconf 83' lang='lat' dir='ltr'><em>Valde</em></span> <span class='ocrx_word' id='word_1_235' title='bbox 452 4280 519 4346; x_wconf 83' lang='lat' dir='ltr'><em>oiri</em></span> <span class='ocrx_word' id='word_1_236' title='bbox 549 4281 632 4346; x_wconf 89' lang='lat' dir='ltr'><em>docti</em></span> <span class='ocrx_word' id='word_1_237' title='bbox 655 4281 739 4347; x_wconf 88' lang='lat' dir='ltr'><em>inter</em></span> <span class='ocrx_word' id='word_1_238' title='bbox 760 4303 794 4346; x_wconf 90' lang='lat' dir='ltr'><em>se</em></span> <span class='ocrx_word' id='word_1_239' title='bbox 817 4280 1042 4360; x_wconf 89' lang='lat' dir='ltr'><em>dissenserunt,</em></span> <span class='ocrx_word' id='word_1_240' title='bbox 1075 4301 1138 4362; x_wconf 79' lang='lat' dir='ltr'><em>qua</em></span> <span class='ocrx_word' id='word_1_241' title='bbox 1162 4279 1286 4346; x_wconf 84' lang='lat' dir='ltr'><em>ratione</em></span> <span class='ocrx_word' id='word_1_242' title='bbox 1308 4279 1482 4363; x_wconf 62' lang='lat' dir='ltr'><em>cuiusque</em></span> <span class='ocrx_word' id='word_1_243' title='bbox 1505 4278 1695 4364; x_wconf 83' lang='lat' dir='ltr'><em>temporibus</em></span> <span class='ocrx_word' id='word_1_244' title='bbox 1717 4278 1793 4344; x_wconf 84' lang='lat' dir='ltr'><em>baec</em></span> <span class='ocrx_word' id='word_1_245' title='bbox 1815 4279 1865 4344; x_wconf 81' lang='lat' dir='ltr'><em>lec</em></span> 
     </span>
     <span class='ocr_line' id='line_1_25' title="bbox 166 4385 1932 4472; baseline -0.001 -19"><span class='ocrx_word' id='word_1_246' title='bbox 166 4412 192 4453; x_wconf 83' lang='lat' dir='ltr'><em>u</em></span> <span class='ocrx_word' id='word_1_247' title='bbox 210 4393 280 4451; x_wconf 88' lang='lat' dir='ltr'><em>orta</em></span> <span class='ocrx_word' id='word_1_248' title='bbox 303 4387 358 4452; x_wconf 88' lang='lat' dir='ltr'><em>sit.</em></span> <span class='ocrx_word' id='word_1_249' title='bbox 407 4387 488 4453; x_wconf 83' lang='lat' dir='ltr'><em>Nisi</em></span> <span class='ocrx_word' id='word_1_250' title='bbox 517 4410 533 4453; x_wconf 90' lang='lat' dir='ltr'><em>e</em></span> <span class='ocrx_word' id='word_1_251' title='bbox 558 4387 691 4472; x_wconf 79' lang='lat' dir='ltr'><em>pralopa</em></span> <span class='ocrx_word' id='word_1_252' title='bbox 720 4409 811 4470; x_wconf 82' lang='lat' dir='ltr'><em>quem</em></span> <span class='ocrx_word' id='word_1_253' title='bbox 839 4387 877 4452; x_wconf 93' lang='lat' dir='ltr'><em>in</em></span> <span class='ocrx_word' id='word_1_254' title='bbox 902 4387 1059 4472; x_wconf 84' lang='lat' dir='ltr'><em>plurimis</em></span> <span class='ocrx_word' id='word_1_255' title='bbox 1086 4387 1245 4452; x_wconf 84' lang='lat' dir='ltr'><em>codicibus</em></span> <span class='ocrx_word' id='word_1_256' title='bbox 1270 4394 1343 4452; x_wconf 90' lang='lat' dir='ltr'><em>ante</em></span> <span class='ocrx_word' id='word_1_257' title='bbox 1365 4387 1449 4453; x_wconf 85' lang='lat' dir='ltr'><em>banc</em></span> <span class='ocrx_word' id='word_1_258' title='bbox 1471 4387 1576 4469; x_wconf 74' lang='lat' dir='ltr'><em>leyen,</em></span> <span class='ocrx_word' id='word_1_259' title='bbox 1600 4386 1638 4451; x_wconf 90' lang='lat' dir='ltr'><em>in</em></span> <span class='ocrx_word' id='word_1_260' title='bbox 1660 4385 1740 4451; x_wconf 90' lang='lat' dir='ltr'><em>aliis</em></span> <span class='ocrx_word' id='word_1_261' title='bbox 1761 4392 1864 4452; x_wconf 87' lang='lat' dir='ltr'><em>autem</em></span> <span class='ocrx_word' id='word_1_262' title='bbox 1925 4393 1932 4402; x_wconf 93' lang='lat'>&#39;</span> 
     </span>
     <span class='ocr_line' id='line_1_26' title="bbox 210 4492 1865 4578; baseline 0.001 -21"><span class='ocrx_word' id='word_1_263' title='bbox 210 4499 283 4558; x_wconf 83' lang='lat' dir='ltr'><em>ante</em></span> <span class='ocrx_word' id='word_1_264' title='bbox 306 4493 400 4576; x_wconf 78' lang='lat' dir='ltr'><em>lepem</em></span> <span class='ocrx_word' id='word_1_265' title='bbox 423 4495 698 4574; x_wconf 81' lang='lat' dir='ltr'><em>Alamannorum,</em></span> <span class='ocrx_word' id='word_1_266' title='bbox 730 4493 767 4559; x_wconf 91' lang='lat' dir='ltr'><em>in</em></span> <span class='ocrx_word' id='word_1_267' title='bbox 796 4494 875 4560; x_wconf 88' lang='lat' dir='ltr'><em>aliis</em></span> <span class='ocrx_word' id='word_1_268' title='bbox 897 4500 971 4560; x_wconf 92' lang='lat' dir='ltr'><em>ante</em></span> <span class='ocrx_word' id='word_1_269' title='bbox 994 4495 1091 4578; x_wconf 78' lang='lat' dir='ltr'><em>lepeni</em></span> <span class='ocrx_word' id='word_1_270' title='bbox 1115 4494 1257 4559; x_wconf 81' lang='lat' dir='ltr'><em>Salicum</em></span> <span class='ocrx_word' id='word_1_271' title='bbox 1287 4501 1317 4560; x_wconf 90' lang='lat' dir='ltr'><em>et</em></span> <span class='ocrx_word' id='word_1_272' title='bbox 1343 4494 1577 4577; x_wconf 79' lang='lat' dir='ltr'><em>Visipotborum</em></span> <span class='ocrx_word' id='word_1_273' title='bbox 1606 4493 1751 4576; x_wconf 68' lang='lat' dir='ltr'><em>lecimus,</em></span> <span class='ocrx_word' id='word_1_274' title='bbox 1781 4492 1865 4558; x_wconf 85' lang='lat' dir='ltr'><em>nibil</em></span> 
     </span>
     <span class='ocr_line' id='line_1_27' title="bbox 210 4600 1865 4685; baseline 0 -20"><span class='ocrx_word' id='word_1_275' title='bbox 210 4602 249 4665; x_wconf 89' lang='lat' dir='ltr'><em>de</em></span> <span class='ocrx_word' id='word_1_276' title='bbox 278 4600 403 4682; x_wconf 82' lang='lat' dir='ltr'><em>aripine</em></span> <span class='ocrx_word' id='word_1_277' title='bbox 432 4601 658 4685; x_wconf 88' lang='lat' dir='ltr'><em>comperimus,·</em></span> <span class='ocrx_word' id='word_1_278' title='bbox 691 4608 726 4667; x_wconf 93' lang='lat' dir='ltr'><em>at</em></span> <span class='ocrx_word' id='word_1_279' title='bbox 756 4601 887 4668; x_wconf 88' lang='lat' dir='ltr'><em>dubium</em></span> <span class='ocrx_word' id='word_1_280' title='bbox 916 4622 982 4667; x_wconf 89' lang='lat' dir='ltr'><em>esse</em></span> <span class='ocrx_word' id='word_1_281' title='bbox 1011 4600 1131 4684; x_wconf 80' lang='lat' dir='ltr'><em>nequit,</em></span> <span class='ocrx_word' id='word_1_282' title='bbox 1167 4601 1245 4684; x_wconf 79' lang='lat' dir='ltr'><em>quin</em></span> <span class='ocrx_word' id='word_1_283' title='bbox 1267 4601 1319 4668; x_wconf 81' lang='lat' dir='ltr'><em>leia</em></span> <span class='ocrx_word' id='word_1_284' title='bbox 1342 4602 1502 4685; x_wconf 82' lang='lat' dir='ltr'><em>prolapus,</em></span> <span class='ocrx_word' id='word_1_285' title='bbox 1537 4601 1568 4665; x_wconf 93' lang='lat' dir='ltr'><em>si</em></span> <span class='ocrx_word' id='word_1_286' title='bbox 1597 4600 1737 4666; x_wconf 89' lang='lat' dir='ltr'><em>auctoris</em></span> <span class='ocrx_word' id='word_1_287' title='bbox 1759 4600 1865 4684; x_wconf 87' lang='lat' dir='ltr'><em>ipsius</em></span> 
     </span>
     <span class='ocr_line' id='line_1_28' title="bbox 211 4706 1866 4792; baseline 0 -20"><span class='ocrx_word' id='word_1_288' title='bbox 211 4708 305 4772; x_wconf 89' lang='lat' dir='ltr'><em>verba</em></span> <span class='ocrx_word' id='word_1_289' title='bbox 327 4707 467 4790; x_wconf 85' lang='lat' dir='ltr'><em>respicis,</em></span> <span class='ocrx_word' id='word_1_290' title='bbox 492 4709 557 4790; x_wconf 79' lang='lat' dir='ltr'><em>lspe</em></span> <span class='ocrx_word' id='word_1_291' title='bbox 578 4708 652 4791; x_wconf 85' lang='lat' dir='ltr'><em>ipsa</em></span> <span class='ocrx_word' id='word_1_292' title='bbox 672 4708 837 4788; x_wconf 88' lang='lat' dir='ltr'><em>recentior,</em></span> <span class='ocrx_word' id='word_1_293' title='bbox 862 4714 891 4775; x_wconf 92' lang='lat' dir='ltr'><em>et</em></span> <span class='ocrx_word' id='word_1_294' title='bbox 912 4709 942 4773; x_wconf 92' lang='lat' dir='ltr'><em>si</em></span> <span class='ocrx_word' id='word_1_295' title='bbox 965 4709 1009 4774; x_wconf 93' lang='lat' dir='ltr'><em>ad</em></span> <span class='ocrx_word' id='word_1_296' title='bbox 1031 4707 1269 4774; x_wconf 84' lang='lat' dir='ltr'><em>dissertationes</em></span> <span class='ocrx_word' id='word_1_297' title='bbox 1290 4731 1311 4773; x_wconf 93' lang='lat' dir='ltr'><em>a</em></span> <span class='ocrx_word' id='word_1_298' title='bbox 1329 4707 1410 4774; x_wconf 88' lang='lat' dir='ltr'><em>uiris</em></span> <span class='ocrx_word' id='word_1_299' title='bbox 1427 4707 1527 4786; x_wconf 81' lang='lat' dir='ltr'><em>doctis</em></span> <span class='ocrx_word' id='word_1_300' title='bbox 1544 4728 1646 4792; x_wconf 89' lang='lat' dir='ltr'><em>nuper</em></span> <span class='ocrx_word' id='word_1_301' title='bbox 1668 4706 1866 4791; x_wconf 80' lang='lat' dir='ltr'><em>conscriptas</em></span> 
     </span>
     <span class='ocr_line' id='line_1_29' title="bbox 210 4812 1866 4900; baseline 0.001 -22"><span class='ocrx_word' id='word_1_302' title='bbox 210 4813 356 4878; x_wconf 89' lang='lat' dir='ltr'><em>animum</em></span> <span class='ocrx_word' id='word_1_303' title='bbox 378 4815 530 4894; x_wconf 86' lang='lat' dir='ltr'><em>advertis,</em></span> <span class='ocrx_word' id='word_1_304' title='bbox 554 4837 618 4882; x_wconf 91' lang='lat' dir='ltr'><em>non</em></span> <span class='ocrx_word' id='word_1_305' title='bbox 640 4836 679 4882; x_wconf 82' lang='lat' dir='ltr'><em>en</em></span> <span class='ocrx_word' id='word_1_306' title='bbox 702 4815 789 4883; x_wconf 83' lang='lat' dir='ltr'><em>ornui</em></span> <span class='ocrx_word' id='word_1_307' title='bbox 811 4822 908 4899; x_wconf 91' lang='lat' dir='ltr'><em>parte</em></span> <span class='ocrx_word' id='word_1_308' title='bbox 937 4817 1001 4896; x_wconf 73' lang='lat' dir='ltr'><em>fide</em></span> <span class='ocrx_word' id='word_1_309' title='bbox 1027 4814 1144 4898; x_wconf 79' lang='lat' dir='ltr'><em>dipnus</em></span> <span class='ocrx_word' id='word_1_310' title='bbox 1170 4815 1221 4880; x_wconf 90' lang='lat' dir='ltr'><em>sit.</em></span> <span class='ocrx_word' id='word_1_311' title='bbox 1267 4815 1329 4880; x_wconf 83' lang='lat' dir='ltr'><em>Est</em></span> <span class='ocrx_word' id='word_1_312' title='bbox 1350 4815 1435 4880; x_wconf 89' lang='lat' dir='ltr'><em>enim</em></span> <span class='ocrx_word' id='word_1_313' title='bbox 1454 4814 1579 4900; x_wconf 88' lang='lat' dir='ltr'><em>partim</em></span> <span class='ocrx_word' id='word_1_314' title='bbox 1601 4835 1641 4880; x_wconf 86' lang='lat' dir='ltr'><em>eoc</em></span> <span class='ocrx_word' id='word_1_315' title='bbox 1664 4812 1866 4897; x_wconf 80' lang='lat' dir='ltr'><em>‘Oripinibus</em></span> 
     </span>
     <span class='ocr_line' id='line_1_30' title="bbox 167 4919 1866 5006; baseline -0.001 -19"><span class='ocrx_word' id='word_1_316' title='bbox 167 4947 193 4987; x_wconf 83' lang='lat' dir='ltr'><em>so</em></span> <span class='ocrx_word' id='word_1_317' title='bbox 210 4942 265 4985; x_wconf 86' lang='lat' dir='ltr'><em>seu</em></span> <span class='ocrx_word' id='word_1_318' title='bbox 294 4919 519 5005; x_wconf 76' lang='lat' dir='ltr'><em>Etpmolcpiis’</em></span> <span class='ocrx_word' id='word_1_319' title='bbox 551 4923 664 4989; x_wconf 83' lang='lat' dir='ltr'><em>Sancti</em></span> <span class='ocrx_word' id='word_1_320' title='bbox 694 4923 818 4989; x_wconf 86' lang='lat' dir='ltr'><em>Isidori</em></span> <span class='ocrx_word' id='word_1_321' title='bbox 847 4923 984 5006; x_wconf 85' lang='lat' dir='ltr'><em>episcopi</em></span> <span class='ocrx_word' id='word_1_322' title='bbox 1018 4922 1236 5006; x_wconf 88' lang='lat' dir='ltr'><em>Hispalensis,</em></span> <span class='ocrx_word' id='word_1_323' title='bbox 1265 4922 1390 5006; x_wconf 89' lang='lat' dir='ltr'><em>partim</em></span> <span class='ocrx_word' id='word_1_324' title='bbox 1423 4943 1464 4988; x_wconf 80' lang='lat' dir='ltr'><em>eu</em></span> <span class='ocrx_word' id='word_1_325' title='bbox 1491 4921 1616 4988; x_wconf 89' lang='lat' dir='ltr'><em>ineerta</em></span> <span class='ocrx_word' id='word_1_326' title='bbox 1644 4921 1866 4986; x_wconf 83' lang='lat' dir='ltr'><em>retractatione</em></span> 
     </span>
     <span class='ocr_line' id='line_1_31' title="bbox 210 5026 1865 5114; baseline 0.001 -22"><span class='ocrx_word' id='word_1_327' title='bbox 210 5026 413 5094; x_wconf 88' lang='lat' dir='ltr'><em>narrationis</em></span> <span class='ocrx_word' id='word_1_328' title='bbox 436 5030 627 5114; x_wconf 86' lang='lat' dir='ltr'><em>deprompta,</em></span> <span class='ocrx_word' id='word_1_329' title='bbox 658 5031 799 5113; x_wconf 78' lang='lat' dir='ltr'><em>quaein</em></span> <span class='ocrx_word' id='word_1_330' title='bbox 828 5030 949 5112; x_wconf 81' lang='lat' dir='ltr'><em>epilopo</em></span> <span class='ocrx_word' id='word_1_331' title='bbox 972 5029 1052 5113; x_wconf 84' lang='lat' dir='ltr'><em>lepis</em></span> <span class='ocrx_word' id='word_1_332' title='bbox 1076 5029 1206 5097; x_wconf 83' lang='lat' dir='ltr'><em>Saliene</em></span> <span class='ocrx_word' id='word_1_333' title='bbox 1235 5031 1274 5094; x_wconf 90' lang='lat' dir='ltr'><em>de</em></span> <span class='ocrx_word' id='word_1_334' title='bbox 1303 5029 1373 5095; x_wconf 89' lang='lat' dir='ltr'><em>eius</em></span> <span class='ocrx_word' id='word_1_335' title='bbox 1394 5027 1519 5112; x_wconf 75' lang='lat' dir='ltr'><em>oripine</em></span> <span class='ocrx_word' id='word_1_336' title='bbox 1542 5027 1737 5108; x_wconf 88' lang='lat' dir='ltr'><em>continetur,·</em></span> <span class='ocrx_word' id='word_1_337' title='bbox 1760 5048 1865 5110; x_wconf 62' lang='lat' dir='ltr'><em>,quam</em></span> 
     </span>
     <span class='ocr_line' id='line_1_32' title="bbox 210 5133 1867 5220; baseline 0.002 -22"><span class='ocrx_word' id='word_1_338' title='bbox 210 5133 429 5200; x_wconf 90' lang='lat' dir='ltr'><em>narrationem</em></span> <span class='ocrx_word' id='word_1_339' title='bbox 463 5135 502 5201; x_wconf 90' lang='lat' dir='ltr'><em>in</em></span> <span class='ocrx_word' id='word_1_340' title='bbox 526 5137 657 5219; x_wconf 76' lang='lat' dir='ltr'><em>prolopo</em></span> <span class='ocrx_word' id='word_1_341' title='bbox 686 5137 765 5220; x_wconf 81' lang='lat' dir='ltr'><em>lepis</em></span> <span class='ocrx_word' id='word_1_342' title='bbox 794 5136 1038 5202; x_wconf 85' lang='lat' dir='ltr'><em>Baiuariorum</em></span> <span class='ocrx_word' id='word_1_343' title='bbox 1070 5135 1191 5216; x_wconf 82' lang='lat' dir='ltr'><em>falsam</em></span> <span class='ocrx_word' id='word_1_344' title='bbox 1225 5158 1290 5202; x_wconf 87' lang='lat' dir='ltr'><em>esse</em></span> <span class='ocrx_word' id='word_1_345' title='bbox 1323 5136 1390 5201; x_wconf 83' lang='lat' dir='ltr'><em>iarn</em></span> <span class='ocrx_word' id='word_1_346' title='bbox 1416 5157 1457 5201; x_wconf 87' lang='lat' dir='ltr'><em>ea</em></span> <span class='ocrx_word' id='word_1_347' title='bbox 1485 5155 1519 5201; x_wconf 92' lang='lat' dir='ltr'><em>eo</em></span> <span class='ocrx_word' id='word_1_348' title='bbox 1548 5133 1755 5218; x_wconf 78' lang='lat' dir='ltr'><em>intellepitur,</em></span> <span class='ocrx_word' id='word_1_349' title='bbox 1785 5136 1867 5217; x_wconf 79' lang='lat' dir='ltr'><em>quod</em></span> 
     </span>
     <span class='ocr_line' id='line_1_33' title="bbox 210 5241 1866 5328; baseline 0.001 -23"><span class='ocrx_word' id='word_1_350' title='bbox 210 5261 273 5306; x_wconf 93' lang='lat' dir='ltr'><em>uno</em></span> <span class='ocrx_word' id='word_1_351' title='bbox 291 5242 455 5324; x_wconf 79' lang='lat' dir='ltr'><em>eodemque</em></span> <span class='ocrx_word' id='word_1_352' title='bbox 478 5248 621 5327; x_wconf 89' lang='lat' dir='ltr'><em>tempore,</em></span> <span class='ocrx_word' id='word_1_353' title='bbox 645 5244 734 5309; x_wconf 87' lang='lat' dir='ltr'><em>utin</em></span> <span class='ocrx_word' id='word_1_354' title='bbox 754 5244 882 5328; x_wconf 78' lang='lat' dir='ltr'><em>prolopo</em></span> <span class='ocrx_word' id='word_1_355' title='bbox 903 5250 1072 5324; x_wconf 91' lang='lat' dir='ltr'><em>narratur,</em></span> <span class='ocrx_word' id='word_1_356' title='bbox 1097 5243 1177 5327; x_wconf 82' lang='lat' dir='ltr'><em>lepes</em></span> <span class='ocrx_word' id='word_1_357' title='bbox 1197 5242 1309 5310; x_wconf 81' lang='lat' dir='ltr'><em>Salica</em></span> <span class='ocrx_word' id='word_1_358' title='bbox 1331 5249 1361 5308; x_wconf 90' lang='lat' dir='ltr'><em>et</em></span> <span class='ocrx_word' id='word_1_359' title='bbox 1374 5241 1541 5308; x_wconf 89' lang='lat' dir='ltr'><em>Ribuaria</em></span> <span class='ocrx_word' id='word_1_360' title='bbox 1562 5248 1592 5307; x_wconf 91' lang='lat' dir='ltr'><em>et</em></span> <span class='ocrx_word' id='word_1_361' title='bbox 1609 5242 1866 5308; x_wconf 80' lang='lat' dir='ltr'><em>Alamannorum</em></span> 
     </span>
     <span class='ocr_line' id='line_1_34' title="bbox 211 5347 1867 5433; baseline 0.001 -21"><span class='ocrx_word' id='word_1_362' title='bbox 211 5354 240 5412; x_wconf 94' lang='lat' dir='ltr'><em>et</em></span> <span class='ocrx_word' id='word_1_363' title='bbox 261 5347 505 5415; x_wconf 86' lang='lat' dir='ltr'><em>Baiuariorum</em></span> <span class='ocrx_word' id='word_1_364' title='bbox 534 5357 622 5417; x_wconf 89' lang='lat' dir='ltr'><em>ortae</em></span> <span class='ocrx_word' id='word_1_365' title='bbox 644 5373 795 5418; x_wconf 89' lang='lat' dir='ltr'><em>essenon</em></span> <span class='ocrx_word' id='word_1_366' title='bbox 819 5347 987 5433; x_wconf 89' lang='lat' dir='ltr'><em>possant¹.</em></span> <span class='ocrx_word' id='word_1_367' title='bbox 1035 5350 1131 5415; x_wconf 82' lang='lat' dir='ltr'><em>Nihil</em></span> <span class='ocrx_word' id='word_1_368' title='bbox 1158 5350 1225 5416; x_wconf 90' lang='lat' dir='ltr'><em>nisi</em></span> <span class='ocrx_word' id='word_1_369' title='bbox 1254 5372 1293 5414; x_wconf 90' lang='lat' dir='ltr'><em>ea</em></span> <span class='ocrx_word' id='word_1_370' title='bbox 1319 5370 1401 5432; x_wconf 89' lang='lat' dir='ltr'><em>pars</em></span> <span class='ocrx_word' id='word_1_371' title='bbox 1424 5349 1549 5432; x_wconf 78' lang='lat' dir='ltr'><em>prolopi</em></span> <span class='ocrx_word' id='word_1_372' title='bbox 1577 5370 1659 5431; x_wconf 80' lang='lat' dir='ltr'><em>quae</em></span> <span class='ocrx_word' id='word_1_373' title='bbox 1682 5350 1720 5414; x_wconf 88' lang='lat' dir='ltr'><em>de</em></span> <span class='ocrx_word' id='word_1_374' title='bbox 1748 5349 1867 5431; x_wconf 78' lang='lat' dir='ltr'><em>lepibru</em></span> 
     </span>
     <span class='ocr_line' id='line_1_35' title="bbox 168 5454 1866 5541; baseline 0.002 -23"><span class='ocrx_word' id='word_1_375' title='bbox 168 5476 194 5519; x_wconf 85' lang='lat' dir='ltr'><em>u</em></span> <span class='ocrx_word' id='word_1_376' title='bbox 212 5477 233 5519; x_wconf 93' lang='lat' dir='ltr'><em>a</em></span> <span class='ocrx_word' id='word_1_377' title='bbox 255 5454 433 5538; x_wconf 82' lang='lat' dir='ltr'><em>Dapoberto</em></span> <span class='ocrx_word' id='word_1_378' title='bbox 456 5477 528 5541; x_wconf 78' lang='lat' dir='ltr'><em>repe</em></span> <span class='ocrx_word' id='word_1_379' title='bbox 550 5459 752 5525; x_wconf 85' lang='lat' dir='ltr'><em>Francorum</em></span> <span class='ocrx_word' id='word_1_380' title='bbox 775 5458 852 5523; x_wconf 86' lang='lat' dir='ltr'><em>latis</em></span> <span class='ocrx_word' id='word_1_381' title='bbox 874 5457 953 5540; x_wconf 81' lang='lat' dir='ltr'><em>opit,</em></span> <span class='ocrx_word' id='word_1_382' title='bbox 984 5478 1094 5521; x_wconf 89' lang='lat' dir='ltr'><em>uerum</em></span> <span class='ocrx_word' id='word_1_383' title='bbox 1123 5456 1236 5522; x_wconf 83' lang='lat' dir='ltr'><em>baberi</em></span> <span class='ocrx_word' id='word_1_384' title='bbox 1262 5462 1382 5538; x_wconf 73' lang='lat' dir='ltr'><em>potest,</em></span> <span class='ocrx_word' id='word_1_385' title='bbox 1411 5456 1473 5522; x_wconf 89' lang='lat' dir='ltr'><em>etsi</em></span> <span class='ocrx_word' id='word_1_386' title='bbox 1494 5477 1559 5522; x_wconf 88' lang='lat' dir='ltr'><em>non</em></span> <span class='ocrx_word' id='word_1_387' title='bbox 1583 5462 1646 5522; x_wconf 88' lang='lat' dir='ltr'><em>tcta</em></span> <span class='ocrx_word' id='word_1_388' title='bbox 1676 5457 1727 5521; x_wconf 84' lang='lat' dir='ltr'><em>len</em></span> <span class='ocrx_word' id='word_1_389' title='bbox 1748 5457 1789 5521; x_wconf 93' lang='lat' dir='ltr'><em>ab</em></span> <span class='ocrx_word' id='word_1_390' title='bbox 1811 5454 1866 5521; x_wconf 89' lang='lat' dir='ltr'><em>illo</em></span> 
     </span>
     <span class='ocr_line' id='line_1_36' title="bbox 211 5561 1867 5647; baseline -0.001 -20"><span class='ocrx_word' id='word_1_391' title='bbox 211 5583 283 5646; x_wconf 80' lang='lat' dir='ltr'><em>repe</em></span> <span class='ocrx_word' id='word_1_392' title='bbox 307 5563 453 5647; x_wconf 83' lang='lat' dir='ltr'><em>profecta</em></span> <span class='ocrx_word' id='word_1_393' title='bbox 475 5571 529 5644; x_wconf 93' lang='lat' dir='ltr'><em>est,</em></span> <span class='ocrx_word' id='word_1_394' title='bbox 557 5571 663 5631; x_wconf 87' lang='lat' dir='ltr'><em>tamen</em></span> <span class='ocrx_word' id='word_1_395' title='bbox 686 5562 849 5630; x_wconf 80' lang='lat' dir='ltr'><em>Heurimrs</em></span> <span class='ocrx_word' id='word_1_396' title='bbox 870 5563 1027 5629; x_wconf 89' lang='lat' dir='ltr'><em>Brunner</em></span> <span class='ocrx_word' id='word_1_397' title='bbox 1043 5564 1196 5647; x_wconf 87' lang='lat' dir='ltr'><em>probasse</em></span> <span class='ocrx_word' id='word_1_398' title='bbox 1222 5561 1347 5628; x_wconf 87' lang='lat' dir='ltr'><em>uidetur</em></span> <span class='ocrx_word' id='word_1_399' title='bbox 1369 5562 1515 5647; x_wconf 90' lang='lat' dir='ltr'><em>primum</em></span> <span class='ocrx_word' id='word_1_400' title='bbox 1541 5568 1571 5628; x_wconf 88' lang='lat' dir='ltr'><em>et</em></span> <span class='ocrx_word' id='word_1_401' title='bbox 1597 5563 1767 5629; x_wconf 88' lang='lat' dir='ltr'><em>secundum</em></span> <span class='ocrx_word' id='word_1_402' title='bbox 1790 5561 1867 5644; x_wconf 80' lang='lat' dir='ltr'><em>lepis</em></span> 
     </span>
    </p>
   </div>
   <div class='ocr_carea' id='block_1_4' title="bbox 322 5786 1652 5944">
    <p class='ocr_par' dir='ltr' id='par_1_8' title="bbox 322 5754 1652 5944">
     <span class='ocr_line' id='line_1_37' title="bbox 322 5786 1401 5868; baseline -0.004 -15"><span class='ocrx_word' id='word_1_403' title='bbox 322 5786 352 5868; x_wconf 84' lang='lat'><em>1)</em></span> <span class='ocrx_word' id='word_1_404' title='bbox 384 5792 432 5864; x_wconf 81' lang='lat' dir='ltr'><em>cf.</em></span> <span class='ocrx_word' id='word_1_405' title='bbox 456 5793 499 5852; x_wconf 84' lang='lat' dir='ltr'><em>H.</em></span> <span class='ocrx_word' id='word_1_406' title='bbox 519 5794 667 5862; x_wconf 68' lang='lat' dir='ltr'><em>sauna,</em></span> <span class='ocrx_word' id='word_1_407' title='bbox 693 5789 845 5850; x_wconf 73' lang='lat' dir='ltr'><em>‘ausen</em></span> <span class='ocrx_word' id='word_1_408' title='bbox 867 5788 1209 5866; x_wconf 64' lang='lat' dir='ltr'><em>mensunusum,</em></span> <span class='ocrx_word' id='word_1_409' title='bbox 1228 5809 1260 5866; x_wconf 77' lang='lat' dir='ltr'><em>p.</em></span> <span class='ocrx_word' id='word_1_410' title='bbox 1280 5791 1344 5852; x_wconf 83' lang='lat'><em>420</em></span> <span class='ocrx_word' id='word_1_411' title='bbox 1359 5809 1401 5867; x_wconf 73' lang='lat' dir='ltr'><em>sq.</em></span> 
     </span>
     <span class='ocr_line' id='line_1_38' title="bbox 1601 5888 1652 5944; baseline -0.039 0"><span class='ocrx_word' id='word_1_412' title='bbox 1601 5888 1652 5944; x_wconf 77' lang='lat'><em>23*</em></span> 
     </span>
    </p>
   </div>
   <div class='ocr_carea' id='block_1_5' title="bbox 0 0 2326 6420">
    <p class='ocr_par' dir='ltr' id='par_1_9' title="bbox 0 0 2326 6420">
     <span class='ocr_line' id='line_1_39' title="bbox 0 0 2326 6420; baseline 0 0"><span class='ocrx_word' id='word_1_413' title='bbox 0 0 2326 6420; x_wconf 95' lang='lat' dir='ltr'><em> </em></span> 
     </span>
    </p>
   </div>
  </div>
 </body>
</html>
