4634 6420
471 486 491 551 8
911 485 1035 545 Lucus
1058 482 1376 543 ALAMANNORUM.
1399 517 1442 528 -
1463 485 1698 548 PRAEFATIO.

471 696 573 761 aeque
593 673 750 737 lactatam
772 692 839 734 cece
869 690 909 731 eu
928 666 1081 752 fontibue
1111 665 1266 730 lietorioe
1288 663 1530 736 Alamannicoe
1561 679 1712 754 apparet.
1758 669 1868 745 Queare
1895 671 1973 736 illac
2001 695 2133 738 normae

470 780 538 842 icm
560 786 637 841 tunc
659 775 809 840 conditae
831 795 898 837 ecee
921 770 1013 836 laud
1033 768 1209 834 verisimile
1230 775 1307 833 eet1.

577 879 700 943 Ducem
722 876 987 941 Alamannorum
1008 871 1103 936 uerbo
1124 873 1231 958 mopie
1254 894 1352 958 quam
1375 895 1409 936 re
1430 874 1569 958 imperio
1591 897 1703 961 nepum
1725 877 1929 942 stanconam
1957 877 2132 944 subiectum

472 1005 537 1049 ecee
553 982 650 1068 Lepie
660 987 841 1066 praecepta
857 977 980 1042 docent.
1026 973 1207 1039 ‘Dominus'
1222 974 1485 1042 Alamannorum
1501 977 1580 1058 dun,
1596 981 1753 1066 ‘repnum'
1763 989 1909 1064 polentae
1923 981 2004 1062 eine,
2025 987 2131 1066 ‘prae-

472 1087 606 1172 ceptum'
627 1085 731 1150 iueeio
753 1084 833 1162 eiua,
856 1086 917 1144 ‘ree
939 1079 1131 1144 dominicae'
1152 1099 1205 1141 rec
1227 1077 1321 1143 ducie
1343 1081 1566 1147 nominantur.
1612 1081 1694 1146 Dua
1708 1093 1754 1148 eet
1775 1107 1918 1148 eummue
1942 1085 2053 1168 iudea,
2075 1087 2167 1170 quie

472 1215 544 1255 cum
557 1189 681 1274 populo
696 1185 821 1252 iudicee
836 1185 989 1265 instituit,
1003 1180 1141 1267 fredum
1157 1182 1316 1267 adquirit,
1338 1183 1375 1246 in
1391 1183 1526 1248 exilium
1540 1186 1646 1268 mittit,
1670 1186 1709 1250 de
1723 1189 1834 1252 mortio
1843 1210 1957 1272 poena
1978 1189 2131 1254 decernit.

472 1293 583 1379 Neque
611 1313 685 1356 vero
715 1311 872 1353 eummam
900 1309 1009 1352 rerum
1033 1295 1223 1372 potestatem
1253 1285 1346 1370 apud
1368 1286 1481 1351 ducem
1503 1310 1568 1351 ecee
1591 1287 1680 1353 aliae
1701 1292 1878 1356 centerrtioe
1900 1291 2133 1360 demonstrant.

471 1397 664 1462 ‘Utilitatem
685 1393 773 1480 repis
784 1390 911 1477 facere’
930 1392 1139 1476 polieeimum
1161 1388 1306 1474 officium
1319 1387 1423 1474 ducit
1445 1399 1498 1455 eet.
1543 1390 1624 1456 Dua
1640 1391 1734 1478 facit
1754 1392 1906 1458 militiam
1928 1395 1965 1459 in
1987 1397 2132 1460 caercitu

470 1501 570 1588 repie,
592 1500 650 1584 qui
672 1496 844 1562 ‘dominus'
867 1495 961 1558 ducie
984 1503 1039 1559 eet.
1084 1495 1151 1556 Aut
1172 1501 1248 1559 ante
1270 1514 1375 1578 repom
1398 1502 1456 1557 out
1471 1503 1546 1558 ante
1561 1493 1673 1560 ducem
1696 1497 1844 1560 criminin
1865 1497 2011 1564 mortalit
2034 1521 2129 1564 accu-

471 1606 556 1668 eatio
578 1601 709 1668 institui
728 1607 840 1685 poteet.
2153 1621 2181 1660 m

578 1705 669 1781 Quae
683 1724 816 1769 nomnen
832 1702 871 1767 de
887 1702 967 1766 duce
980 1699 1176 1786 temporibue
1191 1699 1342 1782 infirmae
1356 1701 1469 1787 repiae
1478 1703 1651 1785 potentatie
1665 1704 1859 1768 constitutae
1874 1725 1941 1769 eece
1962 1705 2019 1768 oie
2041 1703 2131 1769 dubi·

471 1811 539 1874 tari
547 1817 659 1894 poteet.
695 1805 773 1873 Cum
788 1829 861 1872 vero
875 1809 1008 1891 eeptimo
1021 1803 1150 1869 eaeculo
1161 1804 1293 1868 ineunte
1305 1803 1573 1890 Merouinporum
1588 1827 1726 1892 repnum
1742 1808 1847 1871 cdluc
1863 1808 1995 1894 ciperet,
2011 1807 2057 1872 od
2071 1805 2132 1872 illc

436 1895 444 1900 ⁵
471 1923 618 1996 tempora
640 1933 772 1975 normae
793 1909 871 1975 illae
893 1931 960 1973 non
981 1906 1173 1993 referendae
1195 1929 1271 1990 ecee,
1294 1907 1350 1972 ced
1362 1908 1475 1993 potiue
1492 1908 1588 1972 alteri
1596 1911 1694 1993 porti
1708 1911 1838 1996 septimi
1852 1909 1900 1974 oel
1913 1912 2011 1976 initio
2027 1913 2133 1976 octavi

413 2069 415 2072 .
470 2013 595 2081 ececuli
624 2035 804 2098 conpruere
830 2013 992 2092 vitientur,
1028 2010 1145 2096 quibus
1175 2011 1371 2096 temporibus
1397 2011 1580 2077 maioribue
1607 2012 1721 2077 domuc
1747 2036 1783 2078 re
1811 2035 1900 2097 uera,
1929 2014 2133 2100 Merouinpie

471 2121 603 2206 repibue
625 2117 718 2182 verbo
740 2125 867 2181 tantum
888 2137 1027 2201 repnum
1048 2112 1238 2194 tenentibus,
1262 2115 1381 2180 ducum
1399 2125 1547 2198 poteetae
1568 2115 1663 2180 ualde
1686 2127 1784 2182 aucta
1807 2127 1908 2182 erat².
2153 2139 2180 2179 u

578 2222 627 2286 De
655 2231 744 2286 terra
773 2220 819 2285 od
845 2218 1052 2301 ‘beneficium'
1079 2240 1101 2280 a
1128 2217 1214 2282 luico
1242 2216 1283 2281 ab
1310 2219 1444 2282 ecclesia
1473 2229 1625 2304 euecepta
1652 2221 1700 2284 tit.
1723 2221 1767 2284 II.
1792 2220 1889 2307 Lepie
1914 2221 2132 2302 couetitaitur,

473 2326 528 2390 ubi
550 2326 588 2389 de
611 2333 779 2389 contractu
796 2324 972 2408 precariae
993 2324 1080 2386 inter
1101 2321 1267 2386 eccleciam
1288 2330 1316 2384 et
1337 2319 1440 2386 laicae
1463 2324 1586 2408 apitur.
1639 2323 1705 2387 Voc
1727 2324 1934 2407 ‘beneficium'
1962 2333 2068 2388 amera
2094 2325 2130 2388 in

472 2429 691 2494 contractibue
716 2428 950 2512 precariarum
980 2448 1046 2491 non
1077 2436 1152 2490 ante
1180 2423 1323 2488 medium
1352 2425 1482 2509 ceptimi
1514 2425 1637 2490 saeculi
1667 2429 1849 2510 inuenitur,
1876 2427 2073 2513 praeuertim
2102 2427 2132 2490 ei

472 2541 623 2616 acceptor
644 2532 774 2596 domino
789 2539 895 2595 temne
910 2551 1039 2595 cenerum
1055 2529 1159 2610 coluit,
1181 2530 1267 2594 utin
1283 2527 1366 2613 Leqe
1381 2539 1587 2593 memoratur.
1631 2529 1684 2594 Ee
1705 2551 1780 2596 uoce
1801 2531 2008 2614 ‘beneficium’
2029 2531 2133 2616 ipitur

473 2644 700 2721 urpumenlum
723 2635 801 2698 duci
819 2641 934 2717 polest,
956 2633 1069 2718 Leqem
1094 2655 1161 2698 non
1183 2633 1251 2696 iam
1272 2631 1401 2697 caeculo
1423 2634 1556 2717 septimo
1578 2632 1710 2697 ineunte
1733 2643 1837 2699 ortam
1859 2643 1952 2701 ecee’.
2152 2655 2179 2697 eo

577 2737 628 2802 De
650 2737 775 2802 ‘roceie'
797 2735 892 2801 ducie
910 2745 967 2800 out
983 2736 1107 2800 comitic
1122 2737 1169 2800 tit.
1185 2735 1333 2816 XXXVI,
1354 2741 1383 2818 ξ.
1400 2736 1429 2800 3.
1452 2737 1501 2800 ito
1523 2745 1696 2820 tractatur,
1718 2746 1754 2800 ut
1774 2736 1892 2802 literae
1914 2739 2057 2803 homines
2079 2758 2131 2801 eoe

472 2863 539 2908 eece
563 2850 735 2927 appareat.
778 2838 869 2904 Num
891 2839 937 2902 ad
954 2838 1116 2924 placitum
1141 2841 1251 2904 venire
1274 2862 1314 2904 ne
1335 2837 1516 2926 nepliqont,
1539 2840 1634 2904 valde
1656 2851 1906 2906 commonentur.
1958 2841 2132 2906 Vaeeorum

473 2968 588 3010 nomen
611 2954 717 3009 autem
734 2944 973 3028 poeteriorilue
995 2943 1121 3008 denium
1143 2942 1339 3026 temporibus
1361 2944 1406 3006 cd
1426 2941 1541 3008 liberm
1564 2943 1707 3009 lominee
1728 2944 1923 3009 translatum
1950 2969 2024 3027 ecca,
2051 2943 2132 3008 cotie

474 3056 630 3114 conetot⁴.

577 3151 628 3216 De
642 3153 745 3216 cortic
760 3153 806 3216 tit.
823 3150 926 3232 XLII,
941 3155 972 3233 ξ.
987 3152 1014 3213 l.
1034 3149 1284 3234 praescribitur,
1300 3158 1334 3213 ut
1350 3172 1474 3240 annum
1490 3160 1519 3214 et
1534 3150 1619 3215 diem
1633 3151 1796 3215 evidenter
1812 3152 1993 3234 ostendant,
2009 3160 2038 3214 et
2052 3172 2131 3214 non·
2151 3173 2178 3213 u

472 3253 574 3319 nullie
596 3253 673 3318 aliie
689 3277 812 3340 quoque
826 3254 907 3318 locic
921 3264 1015 3319 corto
1031 3262 1305 3319 commemoratur.
1348 3253 1412 3317 Per
1432 3263 1558 3318 cartam
1570 3252 1681 3339 fundi
1702 3255 1894 3338 traduntur,
1915 3257 2002 3319 cervi
2023 3253 2130 3317 dimit·

472 3366 597 3426 luntur,
648 3357 791 3444 Nepotic
823 3355 974 3423 eccleciae
1006 3380 1131 3442 semper
1159 3380 1221 3443 per
1252 3358 1423 3442 epietolcm
1446 3355 1639 3438 firmaretur.
1693 3357 1773 3424 Cum
1802 3368 1908 3422 autem
1936 3359 2131 3422 rarissimus

472 3461 569 3526 initio
595 3461 724 3545 eeptimi
750 3460 875 3526 caeculi
902 3463 939 3526 in
970 3461 1177 3526 Alamannia
1205 3484 1285 3524 ueue
1310 3468 1478 3524 cartarum·
1494 3459 1607 3546 freieee
1633 3461 1785 3526 uideatur
1813 3501 1852 3510 —
1882 3461 2132 3546 antiquieeimae

473 3564 558 3627 enim
572 3573 685 3627 cartae
699 3562 951 3645 Alemanaicoe,
974 3587 1058 3651 quae
1074 3564 1119 3628 ad
1134 3585 1193 3628 noo
1202 3573 1432 3650 peruenerunt,
1456 3565 1501 3628 od
1513 3565 1616 3648 finem
1638 3566 1767 3649 septimi
1789 3563 1913 3630 saeculi
1926 3562 2132 3629 reducendae

472 3675 549 3732 eunt
567 3653 606 3714 -ὲ
623 3669 784 3752 specialia
797 3667 856 3733 ella
867 3667 965 3755 Leqie
975 3677 1157 3754 praecepto
1173 3669 1211 3732 de
1226 3670 1327 3732 cartie
1343 3677 1569 3754 argumentum
1584 3670 1773 3732 recenliorie
1788 3670 1930 3753 oripinie
1940 3667 2099 3754 praebent
2109 3675 2131 3729 ³.
2151 3691 2180 3730 so

581 3767 706 3844 Quibus
720 3770 759 3836 de
774 3773 885 3836 caueie
901 3773 958 3837 lzoc
973 3773 1103 3857 quidem
1124 3780 1272 3836 conetore
1292 3773 1431 3852 videtur,
1454 3770 1567 3857 Lepem
1581 3781 1655 3856 poet
1669 3772 1811 3836 medium
1827 3772 1953 3837 demum
1966 3768 2131 3836 soeculum

473 3877 641 3958 septimum
663 3883 766 3938 ortam
788 3896 863 3939 eece.
907 3877 947 3940 In
976 3877 1074 3940 dubio
1104 3884 1210 3940 autem
1236 3899 1302 3939 ecee
1324 3883 1443 3959 poscet,
1473 3884 1581 3939 ulrum
1604 3875 1672 3940 Lea
1695 3877 1798 3940 altera
1815 3885 1914 3962 parte
1936 3876 2065 3960 septimi
2086 3897 2130 3938 an

472 3977 606 4042 ineunte
628 3986 740 4042 octavo
761 3979 890 4042 eaeculo
914 3979 1059 4044 oriundo
1081 3986 1169 4061 esset,
1196 3980 1264 4042 aiei
1285 4001 1356 4042 eom
1379 3979 1425 4042 od
1447 3987 1594 4042 octauum
1624 3979 1788 4043 saeculum
1814 3981 1935 4064 potiue,
1962 4001 2059 4065 quum
2087 3977 2133 4042 od

473 4081 642 4165 septimum
663 4079 869 4165 referendam
891 4103 957 4144 ecee
980 4081 1022 4147 H.
1044 4081 1205 4146 Brunner
1226 4082 1462 4146 euidentissime
1483 4081 1761 4148 demonstraecet⁸.

579 4182 629 4247 De
650 4184 703 4249 die
722 4187 806 4249 enim
822 4184 995 4249 Dominico
1018 4186 1064 4248 tit.
1081 4184 1260 4248 XXXVIII.
1282 4185 1418 4270 lepitur:
1442 4183 1487 4248 Ut
1508 4183 1560 4248 die
1582 4185 1757 4250 Dominioo
1779 4205 1873 4249 nemo
1897 4205 1995 4270 opera
2016 4181 2131 4248 servile
2151 4209 2178 4250 ³⁵

473 4295 658 4372 praesumat
672 4285 787 4368 fecere,
809 4286 965 4374 quiahoc
987 4285 1039 4352 lex
1061 4286 1226 4374 prohibuit
1247 4299 1279 4353 et
1299 4309 1392 4352 encre
1413 4289 1574 4374 scriptura
1595 4289 1629 4352 in
1649 4288 1799 4354 omnibus
1820 4289 1960 4358 testavit.
2006 4286 2131 4373 Siquis

474 4410 585 4454 cervus
607 4389 640 4453 in
662 4387 723 4454 hoc
743 4390 823 4455 vitio
845 4391 993 4455 inventus
1015 4391 1122 4473 fuerit,
1144 4390 1313 4477 vapuletur
1335 4391 1482 4457 fustibus.
1525 4391 1623 4457 Liber
1645 4403 1751 4458 autem
1767 4392 1960 4479 corripiatur
1973 4413 2075 4478 usque
2089 4389 2131 4454 ad

473 4493 613 4562 tertium.
658 4491 821 4558 sinuum
843 4503 917 4579 post
938 4495 1064 4558 tertium
1088 4495 1321 4580 eorreptionem
1345 4495 1378 4559 in
1400 4494 1461 4558 hoc
1483 4495 1562 4558 vitio
1585 4495 1733 4560 inventus
1754 4495 1849 4562 fuerit
1870 4505 1901 4560 et
1922 4495 1994 4560 Deo
2015 4515 2131 4560 vacare

473 4595 526 4661 die
548 4594 709 4660 dominico
731 4597 909 4682 neglexerit
930 4606 962 4663 et
984 4618 1083 4683 opera
1104 4597 1220 4662 servile
1240 4599 1361 4678 fecerit,
1383 4609 1460 4664 tunc
1474 4599 1600 4663 tertium
1616 4611 1741 4684 partem
1758 4600 1797 4666 de
1812 4598 2022 4666 hereditatem
2041 4619 2131 4663 suem

474 4699 597 4786 perdat.
652 4698 743 4775 Quae
770 4724 904 4766 normae
932 4724 1005 4766 cum
1031 4702 1113 4767 libro
1137 4700 1369 4786 poenitentiali
1399 4703 1559 4768 Theodori
1589 4702 1838 4770 Cantuarieneie
1865 4705 2036 4770 convenire
2063 4705 2130 4766 iam
2149 4728 2179 4768 ec

472 4803 548 4870 Jole.
578 4803 701 4868 Merkel
732 4803 898 4870 inlelleocit.
951 4805 1123 4892 Lepuntur
1155 4807 1240 4872 enim
1273 4808 1310 4870 in
1341 4803 1425 4871 libro
1455 4806 1615 4872 Tleodori
1646 4807 1744 4872 laec:
1777 4807 1840 4890 Qui
1874 4817 2047 4893 operantur
2079 4804 2132 4870 die

472 4907 646 4970 Dominioo
662 4928 717 4972 ece
733 4905 850 4972 Graeci
865 4909 970 4994 prima
984 4911 1054 4974 vice
1069 4919 1218 4994 arguunt,
1240 4908 1382 4973 secunda
1397 4908 1512 4973 tollunt
1526 4908 1647 4995 aliquid
1666 4911 1706 4975 ab
1723 4911 1779 4994 eie,
1800 4912 1896 4977 tertia
1917 4911 1988 4975 vice
2008 4918 2130 4996 partem

473 5010 598 5074 tertiam
621 5009 779 5076 derebus
801 5033 921 5097 eorum,
943 5022 1000 5077 aut
1020 5011 1174 5099 vapulant
1195 5011 1245 5079 vel
1267 5013 1285 5076 7
1308 5010 1421 5078 diebus
1442 5013 1658 5100 poeniteant&

581 5113 777 5198 Ilieodorue,
800 5117 989 5201 quimorem
1007 5115 1207 5183 Graecorum
1222 5119 1377 5201 coquitur,
1391 5117 1571 5182 monachae
1589 5119 1760 5184 Tareeneie
1772 5120 1900 5205 suerat.
1944 5120 2042 5184 Anno
2058 5118 2129 5184 668.

476 5240 497 5280 o
521 5216 684 5283 Vitaliono
703 5241 799 5304 popa
821 5221 858 5284 in
873 5219 1092 5286 Britanniam
1113 5221 1233 5286 mieeue
1254 5229 1284 5284 et
1298 5220 1345 5285 ibi
1364 5219 1632 5308 archiepiecopue
1644 5221 1762 5308 factus
1785 5246 1873 5289 cuno
1889 5221 1961 5288 690.
1983 5232 2130 5287 mortuus
2149 5245 2178 5286 u

582 5412 610 5484 1)
627 5413 675 5468 ιΝ.
691 5412 804 5468 Arcleiu'
820 5414 858 5482 X,
870 5433 902 5485 p.
920 5415 990 5474 492.
1008 5416 1078 5470 493.
1144 5416 1175 5488 2)
1192 5415 1252 5485 Osr.
1269 5416 1308 5472 H.
1324 5416 1456 5471 Bruancr
1470 5417 1489 5472 l.
1505 5435 1529 5472 c.
1540 5436 1572 5488 p.
1592 5418 1690 5472 168-
1701 5417 1774 5486 171‚·
1801 5417 1850 5478 ιΙ),
1867 5417 2130 5488 Ilcclttcpeeclicltte'

475 5516 500 5581 1,
518 5534 551 5586 p.
576 5515 647 5571 311.
739 5517 769 5588 3)
793 5518 841 5573 ‘N.
863 5517 976 5572 Areliv'
999 5520 1037 5588 X,
1055 5539 1088 5590 p.
1106 5519 1174 5574 498.
1192 5519 1263 5576 499.
1350 5518 1380 5590 4)
1403 5520 1438 5575 G.
1460 5520 1554 5588 Waitz,
1580 5521 1629 5576 ίΙ).
1652 5521 1998 5592 Versaemmpepceclicldc'
2021 5523 2082 5590 11³,
2104 5525 2128 5589 l,

474 5638 502 5690 ρ.
520 5619 590 5673 222.
607 5618 677 5674 223.
744 5619 774 5690 e)
797 5621 844 5677 uu.
861 5619 976 5676 urente
999 5623 1038 5692 x,
1056 5597 1174 5692 ecoe,
1199 5629 1224 5678 e
1246 5623 1373 5691 neone,
1397 5623 1444 5677 ‘u
1461 5623 1575 5680 Areum
1603 5625 1682 5691 uu,
1703 5641 1733 5694 ρ.
1750 5622 1818 5679 nee.
1880 5624 1910 5695 e>
1934 5626 1971 5680 u.
1989 5627 2129 5694 urum,

476 5723 554 5780 ‘SB.'
575 5723 595 5778 l.
619 5743 642 5778 c.
661 5741 693 5793 p.
713 5723 771 5777 164
787 5742 844 5796 eqq.
912 5725 941 5797 7)
965 5724 1024 5794 Osr.
1041 5725 1076 5785 F.
1097 5727 1137 5786 W.
1153 5727 1192 5788 II.
1215 5727 1459 5796 Waceereclleben,
1476 5725 1544 5782 ‘Die
1558 5727 1796 5800 Bueeordnuaqen
1811 5728 1862 5782 der
1876 5729 2129 5783 abmdlu'ndieclen

476 5827 586 5882 Kircltc’
602 5844 635 5896 p.
654 5826 730 5900 195,-
752 5827 805 5898 csr.
823 5845 855 5899 p.
875 5827 942 5886 146.
2149 5853 2177 5896 50
