4634 6420
656 521 775 577 LEGES
797 519 1105 579 ALAMANNORUM.
1131 553 1168 561 -
1194 519 1417 576 PRAEFATIO.
1834 512 1873 576 19
1952 523 1954 527 ’

206 698 354 781 Baluzii,
374 699 524 784 Eccardi,
540 699 731 782 Mssratorii,
754 701 957 787 aliorumque
974 701 1282 787 praestantissimos
1302 698 1427 763 labores
1448 699 1640 784 diliqentius
1661 701 1873 784 recoqnitum,

206 802 418 868 variantibus
439 804 630 869 lectionibus
646 856 653 870 .
670 852 678 869 .
695 850 702 867 .
718 805 923 885 instructum,
946 805 1082 870 consilio
1104 802 1156 869 Jo.
1175 801 1271 868 Gout.
1292 802 1461 868 Heineccii
1482 801 1536 868 10.
1560 803 1737 868 adornauit
1758 802 1873 868 Petrus

209 903 401 992 Georqiscb,
424 907 533 983 Halae
557 908 649 973 1738.

314 1011 343 1078 2.
379 1009 592 1095 Capitularia
613 1034 728 1098 roqum
748 1010 961 1075 Francorum.
1006 1010 1103 1074 Noua
1125 1010 1222 1076 editio
1246 1011 1374 1074 auctior
1395 1063 1402 1078 .
1427 1060 1433 1074 .
1458 1059 1465 1074 .
1490 1011 1535 1074 ad
1548 1010 1650 1092 fidem
1673 1010 1874 1095 autoqropbi

173 1113 354 1197 sBalueii,
384 1117 443 1200 qui
468 1115 507 1178 de
537 1138 619 1180 novo
646 1123 766 1179 166166
793 1117 966 1199 purqauit,
995 1123 1153 1199 notasque
1183 1162 1190 1176 .
1215 1162 1222 1176 .
1248 1164 1255 1178 .
1284 1115 1422 1177 adiecit:
1453 1136 1613 1178 accessere
1642 1115 1710 1177 vita
1738 1113 1876 1177 Baluzii

202 1220 332 1302 partim
354 1219 394 1281 ab
416 1221 489 1304 ipso
512 1222 638 1304 scripta
660 1228 715 1284 616.
740 1266 748 1281 .
771 1267 778 1282 .
803 1266 810 1281 .
833 1227 971 1282 curante
991 1217 1085 1282 Petro
1104 1219 1143 1280 616
1161 1216 1302 1282 Cliniae
1325 1217 1487 1300 (Parisiis
1508 1215 1607 1298 1780)
1630 1216 1658 1300 I,
1679 1239 1713 1300 p.
1728 1216 1873 1298 53-905

207 1319 255 1401 II,
278 1343 316 1405 p,
342 1321 423 1386 1000
445 1343 512 1407 sqq.

313 1425 342 1490 3.
375 1424 503 1489 Paulus
528 1425 702 1506 Canciani,
724 1424 954 1489 Barbarorum
977 1423 1060 1510 16966
1083 1425 1239 1510 66119666
1261 1446 1334 1488 cum
1357 1425 1443 1488 notis
1464 1433 1492 1487 et
1514 1423 1688 1511 qlossariis
1710 1431 1726 1506 (
1735 1424 1873 1490 Venetiis

208 1527 436 1609 1782-1792)
460 1529 505 1611 II,
524 1551 561 1614 p.
584 1528 644 1592 321
668 1551 735 1614 sqq.

158 1642 187 1680 ¹⁰
311 1632 341 1696 4.
375 1629 1829 1719 1161116116,(16696616616116166616166119611Β66611611824)Ι,ρ.194699.

784 1824 813 1902 ξ.
839 1820 887 1883 10.
932 1817 990 1882 De
1013 1817 1089 1881 166
1111 1818 1298 1882 editione.

311 1940 456 2005 Priorem
478 1941 650 2005 editionem
672 1943 773 2004 secuti
793 1941 1006 2018 distinximus
1029 1943 1115 2004 inter
1136 1940 1271 2004 Pactum
1293 1949 1322 2002 et
1343 1938 1467 2023 chem.

311 2043 352 2108 In
374 2047 450 2130 ipsa
472 2044 556 2130 Leqe
578 2053 606 2108 61
629 2047 741 2131 961616
765 2043 858 2107 Ρ6611
875 2043 1068 2130 fraqmento
1099 2044 1232 2108 edendis
1261 2043 1343 2106 duos
1368 2051 1474 2107 166166
1496 2044 1682 2109 condendos
1704 2046 1871 2130 ducimus,

207 2151 424 2234 antiquiorem
446 2149 475 2211 A
498 2171 514 2211 e
536 2148 702 2212 codicibus
724 2148 765 2228 A,
787 2148 993 2212 recentiorem
1016 2158 1044 2211 et
1066 2147 1269 2210 emendatum
1292 2145 1323 2208 B
1345 2167 1361 2208 e
1383 2145 1548 2210 codicibus
1569 2147 1611 2210 B.

158 2278 187 2318 ss
313 2252 431 2316 Tentui
452 2251 481 2315 A
501 2273 566 2336 pro
578 2250 803 2335 fundamento
823 2252 996 2336 posuimus
1018 2249 1143 2314 codices
1167 2248 1355 2328 A1.8.12,
1378 2250 1482 2312 166161
1500 2249 1533 2312 Β
1554 2252 1647 2314 modo
1670 2253 1756 2317 bunc
1778 2253 1872 2318 modo

206 2356 300 2421 illum
322 2356 474 2436 codicem,
495 2357 611 2441 quiin
635 2355 749 2439 quovis
770 2353 839 2418 loco
862 2355 1019 2438 optimam
1041 2353 1207 2416 lectionem
1231 2353 1346 2416 babere
1367 2353 1548 2417 videbatur.

312 2459 406 2522 Paeti
439 2460 582 2544 quinque
602 2457 798 2543 fraqmenta
815 2455 1027 2542 protulimus,
1056 2479 1193 2544 quorum
1223 2465 1366 2538 quatuor
1389 2457 1508 2540 priora
1535 2455 1622 2521 66166
1645 2461 1746 2524 codem
1767 2459 1798 2524 A
1823 2460 1871 2543 12,

206 2564 356 2649 quintum
388 2584 495 2626 omues
514 2561 592 2645 fere
620 2560 740 2647 reliqui
766 2561 890 2626 codices
908 2562 1076 2646 praebent.
1124 2557 1281 2633 Quintum
1299 2557 1540 2644 froqmcntum,
1571 2584 1644 2625 cum
1665 2563 1702 2626 in
1726 2565 1873 2628 omnibus

195 2666 273 2750 fere
295 2665 461 2730 codicibus
484 2664 582 2750 Leqis
611 2666 713 2729 166161
742 2665 840 2750 96661
868 2665 984 2730 ultima
1006 2687 1092 2750 pars
1118 2664 1260 2728 subiecta
1282 2663 1334 2744 sit,
1364 2663 1411 2725 acl
1440 2662 1558 2728 calcem
1579 2667 1800 2750 repetivimus,
1828 2677 1873 2748 ut,

157 2797 188 2837 ss
205 2793 290 2857 quoe
311 2770 354 2832 sit
366 2768 485 2853 forma
507 2768 605 2854 Leqis
626 2769 663 2832 in
687 2767 854 2832 codicibus
875 2769 1012 2850 traditu,
1025 2767 1171 2852 facilius
1193 2764 1408 2850 intelliqatur.

310 2871 408 2956 chis
429 2881 550 2936 tentum
565 2871 596 2935 A
618 2873 653 2934 in
676 2872 727 2952 98,
751 2871 782 2934 B
796 2873 832 2936 in
849 2873 890 2936 99
906 2872 1014 2935 titulos
1037 2871 1221 2950 divisimus,
1243 2871 1291 2931 ita
1314 2868 1439 2932 61166
1461 2871 1536 2954 ipsu
1559 2872 1594 2934 in
1614 2872 1749 2936 1661611
1771 2896 1873 2959 usque

207 2977 253 3041 ad
274 2978 320 3040 tit.
344 2973 428 3056 XCI,
456 2976 492 3038 in
515 2983 603 3037 16616
627 2973 658 3036 Β
680 2997 781 3060 66966
809 2976 855 3040 od
881 2977 929 3039 111.
953 2973 1065 3039 XCIV
1081 2975 1256 3057 pertineat,
1286 2969 1407 3057 reliqui
1427 2973 1517 3037 tituli
1538 2975 1585 3037 ad
1606 2978 1756 3059 quintum
1778 2976 1873 3042 Pacti

196 3081 428 3166 fraqmentum
449 3078 617 3163 referendi
638 3079 738 3142 sintl.
785 3078 899 3142 Teutui
921 3078 1063 3142 indicem
1085 3086 1113 3140 61
1135 3076 1296 3140 classisA
1320 3085 1348 3138 61
1371 3076 1485 3142 6166616
1508 3077 1539 3140 Β
1556 3081 1802 3163 praemisimus.

316 3182 473 3247 Omnibus
496 3181 728 3246 1116116166166
750 3181 791 3264 B,
816 3182 1032 3267 paucissimis
1054 3189 1161 3243 1666166
1183 3179 1212 3243 Α
1235 3180 1385 3243 rubricas
1406 3181 1633 3265 praefinimus,
1664 3206 1735 3246 cum
1760 3185 1874 3268 optimi

158 3311 187 3352 61
206 3289 332 3352 codices
354 3286 395 3368 A,
417 3287 559 3370 acceptis
582 3285 751 3349 nonnullis
772 3282 863 3367 locis,
884 3285 1028 3350 rubricis
1049 3285 1086 3348 in
1109 3291 1198 3346 16616
1221 3291 1366 3347 careant.

311 3390 386 3454 Post
408 3389 523 3476 Leqem
545 3389 703 3473 epitomen
727 3388 823 3474 Leqis
843 3387 1108 3452 Alamannorum
1130 3410 1147 3450 e
1168 3385 1335 3451 codicibus
1359 3385 1577 3453 Cedidimus.

312 3493 546 3577 Discrepantee
567 3493 774 3577 sinqulorum
798 3492 945 3556 codicum
966 3490 1118 3555 lectiones
1140 3491 1198 3554 sub
1220 3499 1309 3554 16616
1331 3492 1526 3574 notavimus,
1549 3493 1585 3555 in
1607 3501 1696 3556 tenctu
1712 3495 1742 3556 A
1765 3516 1872 3561 omnes

196 3597 284 3681 fere,
307 3599 447 3662 intentu
462 3596 494 3659 B
508 3617 565 3659 eas
587 3603 724 3675 tantum,
747 3618 832 3681 quae
853 3595 1027 3659 cuiusdam
1050 3596 1201 3658 momenti
1223 3603 1308 3684 sunt.
1352 3594 1498 3659 Maiores
1520 3596 1767 3681 discrepantias
1790 3609 1870 3663 aste·

206 3701 314 3782 riscis,
336 3701 478 3764 minores
492 3700 595 3763 literis
610 3706 661 3783 (6,
676 3699 693 3762 b
709 3702 784 3779 616.)
799 3699 1016 3783 6196661666.
1061 3695 1239 3761 Nonnullis
1261 3703 1297 3762 in
1319 3697 1398 3761 locis
1420 3701 1611 3762 sententiam
1632 3699 1715 3785 16916
1736 3701 1873 3765 breuiter

158 3833 188 3874 ³0
206 3805 265 3868 sub
287 3813 376 3868 16616
397 3805 564 3890 suplicans
586 3803 780 3867 studuimus.
824 3801 1025 3866 Addidimus
1047 3801 1173 3866 indices
1194 3824 1301 3865 rerum
1325 3811 1352 3865 et
1374 3801 1552 3868 uerborum.

313 3908 436 3988 Restat,
465 3915 501 3970 61
529 3907 675 3971 omnibus
700 3907 796 3988 viris,
823 3907 882 3991 qui
912 3926 994 3990 opus
1016 3905 1074 3969 166
1096 3913 1242 3968 nostrum
1264 3904 1399 3970 consilio
1422 3915 1450 3968 61
1471 3928 1506 3969 re
1527 3904 1713 3990 tuebuntur,
1740 3911 1872 3994 qratias

208 4035 348 4100 696666
369 4012 544 4089 mouimus,
573 4011 766 4094 praesertim
784 4008 964 4094 praesectis
980 4007 1191 4093 publicorum
1215 4005 1489 4090 bibliothecarum,
1518 4009 1639 4073 sedicet
1661 4010 1871 4095 Parisiensis,

206 4114 455 4202 Sanqallensis,
491 4113 714 4194 Monacensis,
752 4112 1022 4194 Vindobonensis,
1056 4109 1241 4190 Gotbanae,
1275 4107 1565 4198 Guelferbytanae,
1599 4112 1870 4200 Hamburqensis,

206 4219 450 4307 Luqdunensis,
480 4217 626 4282 ciuitatis
649 4217 865 4296 Treuirorum,
895 4237 1021 4280 necnon
1050 4214 1272 4280 illustrissimo
1300 4218 1410 4280 comiti
1442 4216 1481 4279 de
1511 4214 1783 4298 Solms·Barutb,
1811 4221 1869 4304 qui

159 4351 187 4391 ss
207 4345 315 4388 omnes
337 4321 464 4387 codices
485 4323 635 4407 insiqnes
655 4329 685 4384 61
700 4322 864 4405 pretiosos
885 4341 1010 4384 summo
1031 4318 1226 4383 liberalitate
1248 4318 1311 4382 166
1333 4318 1597 4384 transmittendos
1619 4331 1825 4387 curaverunt.

310 4461 519 4544 Berolini,
542 4484 647 4525 mense
670 4461 761 4526 Μ616
787 4459 876 4524 1887.
1478 4460 1517 4524 K.
1542 4459 1782 4525 LEHMANN.
1895 4547 1900 4558 ι

314 4659 342 4730 1)
364 4658 481 4712 Praeter
502 4659 545 4711 tit.
568 4657 710 4712 XCVIII.
738 4662 828 4710 test-us
850 4655 883 4722 A,
913 4672 991 4724 quem
1014 4673 1032 4709 a
1053 4655 1190 4726 scriptore
1216 4657 1335 4724 quodam
1365 4656 1491 4710 additum
1517 4674 1584 4726 esse,
1615 4657 1651 4714 G.
1680 4657 1766 4710 Waitz
1793 4665 1867 4712 recte

206 4761 328 4832 monuit,·
350 4781 375 4821 u,
400 4762 516 4815 ‘Naclrr¹
540 4761 590 4814 der
612 4761 688 4816 Gorr.
713 4757 870 4815 Gesetlscts!
897 4759 986 4828 1869,
1009 4761 1120 4815 6614.
