4620 6426
641 471 722 530 Lex
745 469 1060 531 BAIWARIORUM.
1085 499 1127 512 -
1150 469 1399 529 PRAEFATIO.
1783 470 1844 529 187

185 659 336 741 priorum.
384 660 478 725 Adde
507 661 592 742 quod
620 658 748 742 saepius
776 659 935 726 meliorem
967 666 1087 726 teatum
1114 659 1251 724 aliorum
1283 658 1426 724 codicum
1452 665 1481 724 et
1503 657 1670 724 nonnullis
1692 659 1768 725 lacis
1790 658 1848 724 soli

189 765 350 849 aenuinas
378 767 502 846 formas
524 765 681 832 exhibent.
732 767 834 848 05551
857 768 894 832 55
917 788 984 834 rem
1006 787 1200 848 quamquam
1220 765 1258 830 in
1281 771 1365 830 15515
1388 764 1580 846 conficiendo
1602 764 1641 830 in
1663 763 1859 830 universum

192 893 258 937 non
279 879 354 938 sunt
377 872 487 955 maani
511 872 670 950 momenti,
695 878 798 937 15555
822 872 875 938 hic
896 873 966 938 51155
988 893 1040 938 cos
1058 879 1190 956 praeter
1212 877 1330 938 ceteros
1351 892 1525 954 sequemur.

298 978 436 1044 Minora
459 978 644 1062 fracmenta
667 977 747 1060 leuis
769 977 869 1044 etiam
891 979 1031 1061 reperies
1052 977 1089 1044 in

159 1116 173 1156 ι
300 1088 357 1169 42)
382 1085 496 1151 Codice
511 1084 703 1150 Monacensi
717 1083 802 1166 reolo
818 1085 920 1151 latino
937 1091 1024 1152 6245
1043 1107 1069 1150 s.
1081 1084 1143 1150 XI
1151 1084 1310 1167 quondam
1327 1083 1407 1150 Fri
1414 1082 1606 1167 sincensi
1622 1078 1702 1162 (Fr
1714 1083 1751 1168 1)
1766 1091 1796 1149 51
1811 1084 1852 1148 iu·

299 1190 357 1271 43)
394 1190 468 1258 Cori.
491 1192 726 1256 mernbranaceo
753 1191 947 1257 Monacensi
976 1192 1061 1276 reqio
1092 1191 1193 1258 latino
1225 1197 1308 1256 6241
1342 1193 1502 1274 quondam
1533 1189 1615 1255 Fri
1625 1191 1669 1256 si
1679 1213 1702 1256 n
1712 1191 1849 1274 aeusi

193 1296 320 1379 (co-2)
344 1297 400 1380 qui
423 1297 532 1382 capita
556 1296 652 1362 VIII
670 1303 699 1363 et
722 1298 843 1363 VIIII
863 1298 955 1364 tituli
970 1297 1077 1383 primi
1100 1298 1263 1364 continent
1271 1320 1283 1376 ,·
1305 1297 1439 1381 deniqne
1460 1297 1498 1362 in

300 1405 358 1484 44)
394 1403 468 1470 b'od.
492 1403 722 1470 Parisino
754 1410 841 1470 4005
875 1404 931 1488 qui
959 1404 1104 1489 priorem
1135 1411 1264 1490 portem
1297 1403 1415 1488 capitis
1448 1403 1544 1482 1,1s
1578 1402 1732 1468 insertam
1762 1403 1847 1486 capi-

192 1511 295 1576 151555
317 1510 524 1576 LudouiciI.
548 1531 588 1576 55
610 1532 695 1576 anna
719 1516 782 1577 817
807 1511 899 1577 habet
921 1508 1030 1592 (1²7).

149 1649 175 1688 u
300 1617 475 1682 Praeterea
496 1617 585 1682 haud
602 1638 723 1702 pancos
745 1617 864 1683 codices
886 1617 961 1684 olim
984 1617 1142 1684 exstitisse
1164 1617 1282 1684 scimus
1299 1619 1363 1697 sed,
1388 1639 1465 1682 num
1485 1616 1579 1682 hodie
1596 1621 1718 1682 exstent
1733 1615 1850 1698 ubique

192 1723 267 1803 sint,
286 1722 481 1807 iynoramus.
516 1724 612 1789 Inter
626 1744 704 1806 quos
718 1724 841 1790 codices
858 1725 900 1790 ab
914 1724 951 1790 J.
964 1724 1091 1791 Merkel
1108 1724 1146 1790 in
1161 1746 1222 1790 sua
1240 1724 1377 1791 editiore
1393 1724 1472 1806 leyis
1486 1722 1731 1788 Boiwariorum
1751 1718 1847 1798 (Ma.

98 1861 102 1868 ·
193 1831 264 1894 LL.
289 1830 364 1910 III,
383 1852 418 1913 p.
442 1828 519 1909 190)
543 1829 714 1914 inemptos
735 1837 811 1895 eunt
832 1831 1062 1897 enumerandi:

300 1935 361 2017 45)
395 1936 496 2002 Liber
518 1936 574 2019 qui
599 1935 685 2001 inter
710 1936 782 2002 alia
805 1938 992 2003 documenta
1017 1944 1047 2003 et
1069 1937 1164 2019 15955
1189 1935 1416 2001 Bouariorum
1439 1942 1470 2001 et
1492 1935 1694 2001 Francorum
1718 1941 1749 2001 et
1772 1935 1848 2002 Ala·

193 2063 383 2108 mannorum
410 2043 575 2125 continuit,
606 2043 754 2110 ecclesiae
780 2043 987 2110 Pataoiensis
1016 2043 1202 2128 episcopalis
1231 2031 1375 2108 incendio
1401 2043 1515 2126 procul
1544 2042 1640 2107 dubio
1666 2048 1750 2107 1898
1782 2063 1849 2107 con·

150 2181 176 2220 u
194 2155 354 2231 sumptum·
380 2149 422 2229 of.
447 2150 659 2216 Monumenta
682 2150 788 2216 Boion
813 2150 993 2216 XXVIII
1001 2152 1028 2231 5,
1047 2172 1082 2234 p.
1101 2157 1175 2216 201.

302 2255 360 2337 46)
389 2256 490 2322 Liber
512 2257 551 2322 de
572 2257 638 2339 leae
660 2256 891 2322 Bouariorum
913 2262 943 2321 et
1080 2275 1081 2280 ¹

301 2362 361 2443 47)
392 2363 492 2428 Iriber
529 2365 567 2428 de
605 2365 670 2447 leae
703 2363 937 2428 Ilibuariorum
969 2361 1183 2428 Bamarorum
1221 2369 1261 2446 et,
1286 2363 1490 2428 Francorum
1524 2360 1581 2443 (cf.
1618 2360 1710 2426 Mon.
1745 2358 1849 2426 Boica

196 2467 376 2534 XXVIII
380 2471 407 2534 5.
433 2468 513 2550 488)
543 2469 601 2552 aui
630 2469 758 2552 utrique
788 2491 873 2534 anno
902 2475 986 2536 1254
1017 2469 1056 2534 55
1086 2469 1226 2552 55151595
1253 2468 1379 2535 Ottonis
1409 2466 1547 2552 episcopi
1576 2465 1781 2533 Pataoiensis
1811 2487 1849 2532 en

195 2575 320 2640 Alberti
343 2574 457 2642 decani
480 2582 642 2660 apparatu
664 2577 780 2659 recepti
801 2581 905 2641 55551.

150 2713 177 2753 so
302 2680 360 2761 48)
384 2680 495 2763 5140)
519 2682 596 2748 libri
618 2683 653 2748 S.
673 2683 898 2748 Ernmeramni
920 2681 1166 2764 Ratispouensie
1192 2681 1230 2747 in
1253 2680 1374 2747 dnobus
1398 2679 1651 2762 5515159555Χ
1672 2678 1847 2757 memorati,

196 2809 327 2870 quorum
349 2810 434 2854 5555
456 2795 592 2872 tempore
615 2788 788 2854 Ramuoldi
811 2789 936 2855 obbatis
958 2787 1197 2870 (075-1001)
1219 2787 1368 2870 scriptus,
1401 2787 1439 2852 in
1462 2783 1525 2852 cod.
1551 2784 1849 2865 Pommersfeldeusi

197 2900 277 2960 2821
301 2883 450 2960 'se-sams
472 2897 568 2978 leyem
591 2895 819 2960 Bouariornm
842 2893 900 2975 (cf.
921 2894 1044 2961 Archiv
1063 2895 1129 2973 IX,
1147 2893 1228 2976 535)
1252 2893 1396 2974 continet,
1420 2894 1501 2959 alter
1523 2915 1554 2958 5.
1572 2898 1636 2957 008
1658 2891 1849 2974 5515515551

195 3001 233 3065 55
263 3001 366 3068 codice
396 3001 588 3067 Monacensi
616 3023 681 3084 rea.
712 3001 766 3066 lat.
795 3007 900 3067 14222
932 3001 1024 3083 (olim
1050 3002 1123 3066 Em.
1153 3000 1187 3067 G.
1213 2999 1361 3080 411151.
1387 3005 1426 3066 17
1457 3005 1602 3065 senatus
1633 2998 1720 3064 inter
1753 2997 1850 3063 libros

202 3107 374 3173 Waltherii
397 3107 545 3174 monachi
569 3107 696 3174 ‘librum
725 3109 907 3191 Tayoberti'
930 3114 1093 3174 enumerat
1121 3128 1182 3190 quo
1211 3106 1338 3172 nomine
1367 3105 1509 3186 forsitan
1531 3105 1583 3171 leis
1604 3103 1848 3171 Baiuariorum

151 3244 178 3284 u
196 3213 383 3297 siqnificata
405 3235 472 3280 esse
488 3221 609 3296 potest,
631 3214 675 3294 cs.
700 3215 874 3298 Serapeum
900 3221 995 3295 1841,
1013 3237 1050 3297 p.
1067 3221 1142 3296 280,
1167 3213 1311 3280 ‘Archiv'
1333 3214 1505 3294 VII,116.

303 3323 361 3404 50)
395 3319 504 3386 ‘Liber
526 3323 694 3387 admodum
725 3327 814 3386 uetus
842 3327 979 3386 osterum
1006 3321 1108 3404 hoyum
1131 3319 1374 3403 Soliuaicarum
1397 3327 1426 3384 51
1448 3318 1688 3385 Baooricarum
1710 3325 1741 3384 et
1762 3318 1848 3384 simi·

196 3426 275 3492 lium
304 3428 535 3508 quarundom',
571 3450 661 3510 quern
691 3427 784 3493 Vitns
806 3427 1038 3493 Amerbachius
1070 3427 1108 3492 in
1140 3447 1257 3492 manus
1290 3447 1366 3492 suas
1396 3426 1578 3511 peruenisse
1611 3425 1742 3492 Alberto
1775 3424 1849 3490 duci

196 3532 351 3598 Boiorum
374 3555 459 3599 anno
486 3540 569 3598 1550
592 3533 740 3618 55555551·
762 3533 804 3613 cf.
829 3533 918 3612 Lori,
944 3534 993 3599 ‘de
1016 3533 1141 3616 5555555
1164 3533 1249 3599 iuris
1271 3531 1382 3598 Boici'
1409 3538 1504 3611 1748,
1523 3538 1632 3615 511,
1655 3553 1688 3596 n.
1704 3553 1734 3614 y.

304 3640 363 3721 51)
398 3640 443 3704 Ι5
477 3640 580 3706 codice
610 3642 746 3722 quodam
778 3639 1115 3707 Vaticano-Palatino
1144 3661 1175 3705 a.
1203 3644 1288 3704 1800
1318 3638 1492 3720 conscripto
1522 3637 1609 3719 Mai,
1641 3637 1849 3720 Spicileaium

153 3778 179 3820 ω
199 3746 378 3811 Romam
398 3747 436 3828 V,
450 3769 484 3828 p.
502 3754 566 3813 215
583 3769 628 3831 sq.
654 3748 812 3830 catuloyos
827 3748 967 3812 codicum
982 3747 1083 3826 fuisse
1098 3752 1225 3826 namot,
1249 3746 1306 3828 qui
1321 3745 1445 3810 saeculo
1462 3745 1556 3810 XVI
1577 3751 1671 3811 erant
1692 3744 1730 3809 in
1745 3743 1850 3810 biblio·

198 3851 294 3917 thecis
316 3853 524 3935 complurium
547 3853 812 3920 monasteriorum
834 3853 872 3918 in
895 3853 1086 3919 Palatiuatu
1109 3851 1271 3936 superiori
1300 3852 1345 3916 ad
1368 3850 1515 3916 Rhenum
1538 3850 1693 3931 sitorum,
1719 3869 1857 3932 quomm-

198 3959 234 4022 iu
265 3960 405 4043 cataloao
435 3960 634 4026 bibliothecae
658 3959 899 4026 ‘Casseliensis'
922 3959 1119 4056 nominatae
1135 3958 1252 4024 codicis
1278 3958 1380 4040 lecum
1404 3957 1631 4022 ‘Bavararum’
1661 3956 1850 4022 mentionem

197 4065 272 4146 fieri
294 4065 377 4130 idem
401 4073 509 4132 auctor
531 4067 701 4132 memoriae
725 4067 835 4132 tradit.

305 4172 364 4253 52)
395 4173 495 4238 15555
524 4173 707 4239 monosterii
743 4172 987 4238 Garmelitarum
1016 4171 1255 4238 Clarornoutani
1284 4192 1374 4254 auem
1404 4171 1564 4252 cataloaus
1590 4191 1615 4234 s.
1634 4169 1753 4234 XVII
1778 4191 1850 4234 enu-
1883 4249 1886 4258 ι

154 4310 181 4351 u
198 4285 319 4360 meret,
341 4279 382 4359 cf.
409 4281 525 4360 Lobbe,
550 4280 644 4344 Noua
668 4278 739 4344 bibl.
759 4293 851 4345 uuor.
871 4302 906 4363 p.
931 4285 1006 4344 200.

306 4384 364 4465 53)
389 4385 547 4453 Forsitan
569 4385 665 4452 etiam
690 4386 771 4452 liber
793 4385 979 4452 monasterii
1001 4387 1160 4468 quondam
1181 4384 1422 4464 Wessofontani
1444 4405 1534 4466 auem
1558 4383 1619 4448 ‘ius
1643 4383 1850 4449 Noricorum’

200 4491 390 4557 continuisse
412 4493 475 4558 duo
497 4492 701 4558 vetustissimi
724 4493 863 4577 55151595
885 4493 1014 4572 dicunt,
1041 4513 1126 4558 unus
1147 4491 1185 4556 55
1205 4493 1271 4557 cod.
1296 4491 1425 4556 Monac.
1449 4511 1514 4572 reo.
1538 4491 1592 4555 lat.
1617 4495 1725 4555 22050
1749 4489 1805 4570 fol.
1833 4496 1848 4552 l

199 4604 350 4679 servatus,
374 4599 466 4679 alter,
485 4599 541 4682 qui
559 4601 728 4666 secundum
751 4598 920 4664 Lentnerii
943 4597 1125 4664 Historiam
1144 4597 1343 4663 Monusterii
1360 4595 1596 4676 Wessofontuni
1612 4597 1642 4676 Ι,
1661 4603 1724 4661 262
1748 4595 1850 4661 Ludo

199 4704 263 4770 oici
285 4705 434 4772 monachi
456 4705 624 4772 cuiusdam
646 4705 864 4773 bibliothecam
888 4705 1054 4771 continuit.

155 4842 183 4882 m
311 4811 426 4878 Omnes
448 4813 569 4878 codices
591 4833 677 4878 5555
698 4817 860 4879 ecstantes
881 4811 1090 4894 5555555155
1112 4811 1150 4876 in
1173 4810 1371 4877 bibliothecis
1388 4809 1515 4876 Italicis
1532 4809 1656 4893 partim
1682 4809 1853 4891 Oeniponti

196 4917 321 5002 partim
344 4919 549 4985 Vindobonae
571 4919 715 5001 cnossi,
738 4918 859 4985 codices
884 4924 1009 4984 tantum
1032 4918 1103 4996 Pl,
1124 4924 1154 4997 8,
1175 4924 1194 4981 4
1222 4939 1244 4982 5
1266 4939 1294 4983 5.
1319 4918 1350 4982 d.
1373 4916 1550 4982 Enmnueli
1573 4915 1716 4994 Schwab,
1741 4913 1852 4982 Viudo

202 5025 341 5104 5555555,
366 5025 485 5091 codices
510 5025 751 5105 Guelferbitani
773 5026 826 5108 Ay
849 5031 879 5090 et
899 5025 940 5089 H
959 5046 980 5090 a
1002 5046 1030 5088 o.
1048 5026 1079 5090 d.
1104 5025 1222 5090 Jacobo
1246 5024 1405 5090 Schwalm
1427 5023 1465 5088 in
1487 5023 1547 5089 illa
1570 5023 1765 5105 bibliotheca,
1790 5023 1850 5088 P5

201 5130 238 5195 in
261 5131 446 5198 bibliotheca
469 5131 618 5198 15151555
640 5132 846 5198 Parisiorum
867 5131 904 5196 in
926 5153 1029 5198 meum
1050 5152 1142 5196 usum
1160 5135 1235 5196 sunt
1252 5129 1368 5196 collati.
1412 5128 1628 5211 Comparandi
1643 5152 1740 5197 causa
1754 5131 1851 5196 etiam

201 5236 380 5304 collationes
394 5238 431 5304 in
445 5260 539 5304 nsum
553 5238 708 5304 Merkelii
730 5238 887 5318 confectas
908 5237 947 5302 in
969 5237 1029 5302 hac
1050 5237 1187 5303 editione
1209 5236 1402 5302 adornando
1424 5235 1569 5302 adhibui.

157 5428 184 5468 a
768 5397 792 5480 5
815 5405 846 5463 4.
886 5398 937 5464 115
966 5398 1126 5464 codicibus
1149 5397 1285 5480 proloai.

308 5524 464 5607 Proloaus
493 5523 585 5590 etiam
616 5523 655 5588 in
683 5523 744 5588 hac
772 5522 910 5588 editione
939 5523 1003 5606 1555
1029 5521 1273 5589 Baiwariorum
1298 5523 1501 5606 praepositus
1530 5530 1592 5601 est,
1624 5523 1681 5606 qui
1710 5523 1748 5588 in
1778 5544 1852 5589 oom-

196 5631 348 5713 pluribus
363 5631 522 5698 codicibus
537 5652 607 5696 oum
623 5630 687 5712 leae
701 5629 774 5711 ipsa
789 5636 835 5695 est
851 5629 1046 5695 coniunctus.
1077 5629 1174 5694 Deest
1188 5629 1223 5694 in
1239 5629 1415 5696 codicibus:
1429 5629 1505 5710 Bos,
1525 5631 1605 5708 Her,
1623 5630 1668 5709 K,
1684 5629 1740 5709 sP,
1757 5628 1853 5711 stol,-

196 5744 311 5820 partes
326 5739 456 5823 proloai
477 5738 568 5805 nobis
590 5736 759 5804 obveniunt
780 5735 817 5801 iu
839 5736 928 5801 codd.
951 5737 1025 5817 Em,
1049 5736 1120 5815 Est,
1145 5735 1246 5816 Lonr,
1272 5734 1306 5816 S,
1330 5735 1393 5815 Til,
1417 5736 1494 5815 V2,·
1524 5743 1606 5802 totus
1627 5742 1731 5802 autem
1753 5742 1854 5801 exstat

202 5844 290 5910 etin
312 5845 423 5911 ceteris
446 5844 607 5911 codicibus
628 5863 729 5928 supra
751 5841 927 5908 nominatis
949 5848 979 5908 51
995 5848 1168 5924 praeterea
1190 5863 1260 5907 eum
1282 5842 1447 5909 exhibent:

1588 5910 1640 5967 24*
