<?xml version="1.0" encoding="UTF-8"?>
<!DOCTYPE html PUBLIC "-//W3C//DTD XHTML 1.0 Transitional//EN"
    "http://www.w3.org/TR/xhtml1/DTD/xhtml1-transitional.dtd">
<html xmlns="http://www.w3.org/1999/xhtml" xml:lang="en" lang="en">
 <head>
  <title>
</title>
<meta http-equiv="Content-Type" content="text/html;charset=utf-8" />
  <meta name='ocr-system' content='tesseract 3.04.00' />
  <meta name='ocr-capabilities' content='ocr_page ocr_carea ocr_par ocr_line ocrx_word'/>
</head>
<body>
  <div class='ocr_page' id='page_1' title='image "./legesalamannoru00lehmgoog/legesalamannoru00lehmgoog_0049.png"; bbox 0 0 4634 6420; ppageno 0'>
   <div class='ocr_carea' id='block_1_1' title="bbox 333 692 817 862">
    <p class='ocr_par' dir='ltr' id='par_1_1' title="bbox 333 692 817 862">
     <span class='ocr_line' id='line_1_1' title="bbox 352 692 680 747; baseline 0 -1"><span class='ocrx_word' id='word_1_1' title='bbox 352 693 405 747; x_wconf 71' lang='lat' dir='ltr'><strong>Ed.</strong></span> <span class='ocrx_word' id='word_1_2' title='bbox 553 692 634 746; x_wconf 78' lang='lat' dir='ltr'><strong>Oodd.</strong></span> <span class='ocrx_word' id='word_1_3' title='bbox 656 695 680 746; x_wconf 92' lang='lat' dir='ltr'><strong>l.</strong></span> 
     </span>
     <span class='ocr_line' id='line_1_2' title="bbox 333 787 817 862; baseline -0.008 -14"><span class='ocrx_word' id='word_1_4' title='bbox 333 797 406 850; x_wconf 84' lang='lat' dir='ltr'>XIX.</span> <span class='ocrx_word' id='word_1_5' title='bbox 461 791 508 845; x_wconf 88' lang='lat'><strong>18.</strong></span> <span class='ocrx_word' id='word_1_6' title='bbox 541 787 581 844; x_wconf 89' lang='lat' dir='ltr'><strong>Ut</strong></span> <span class='ocrx_word' id='word_1_7' title='bbox 609 788 705 844; x_wconf 88' lang='lat' dir='ltr'><strong>nullus</strong></span> <span class='ocrx_word' id='word_1_8' title='bbox 738 807 817 862; x_wconf 85' lang='lat' dir='ltr'><strong>pres·</strong></span> 
     </span>
    </p>
   </div>
   <div class='ocr_carea' id='block_1_2' title="bbox 416 892 816 1052">
    <p class='ocr_par' dir='ltr' id='par_1_2' title="bbox 416 892 816 1052">
     <span class='ocr_line' id='line_1_3' title="bbox 416 892 816 964; baseline 0 -16"><span class='ocrx_word' id='word_1_9' title='bbox 416 893 501 964; x_wconf 85' lang='lat' dir='ltr'><strong>byter</strong></span> <span class='ocrx_word' id='word_1_10' title='bbox 524 909 570 947; x_wconf 89' lang='lat' dir='ltr'><strong>res</strong></span> <span class='ocrx_word' id='word_1_11' title='bbox 593 892 734 948; x_wconf 78' lang='lat' dir='ltr'><strong>ecclcsiae</strong></span> <span class='ocrx_word' id='word_1_12' title='bbox 756 893 816 948; x_wconf 88' lang='lat' dir='ltr'><strong>vin·</strong></span> 
     </span>
     <span class='ocr_line' id='line_1_4' title="bbox 416 997 474 1052; baseline 0.017 -2"><span class='ocrx_word' id='word_1_13' title='bbox 416 997 474 1052; x_wconf 82' lang='lat' dir='ltr'><strong>det.</strong></span> 
     </span>
    </p>
   </div>
   <div class='ocr_carea' id='block_1_3' title="bbox 331 1200 817 1774">
    <p class='ocr_par' dir='ltr' id='par_1_3' title="bbox 346 1200 817 1482">
     <span class='ocr_line' id='line_1_5' title="bbox 346 1200 816 1272; baseline 0.002 -17"><span class='ocrx_word' id='word_1_14' title='bbox 346 1204 405 1256; x_wconf 86' lang='lat' dir='ltr'><strong>XX.</strong></span> <span class='ocrx_word' id='word_1_15' title='bbox 460 1204 507 1258; x_wconf 84' lang='lat'><strong>19.</strong></span> <span class='ocrx_word' id='word_1_16' title='bbox 530 1204 575 1258; x_wconf 88' lang='lat' dir='ltr'><strong>De</strong></span> <span class='ocrx_word' id='word_1_17' title='bbox 598 1200 750 1272; x_wconf 74' lang='lat' dir='ltr'><strong>mancipiis</strong></span> <span class='ocrx_word' id='word_1_18' title='bbox 772 1218 816 1256; x_wconf 90' lang='lat' dir='ltr'><strong>ec-</strong></span> 
     </span>
     <span class='ocr_line' id='line_1_6' title="bbox 417 1305 817 1378; baseline -0.008 -17"><span class='ocrx_word' id='word_1_19' title='bbox 417 1306 504 1361; x_wconf 89' lang='lat' dir='ltr'><strong>clesie</strong></span> <span class='ocrx_word' id='word_1_20' title='bbox 547 1305 669 1378; x_wconf 83' lang='lat' dir='ltr'><strong>fugitivo</strong></span> <span class='ocrx_word' id='word_1_21' title='bbox 721 1305 817 1359; x_wconf 88' lang='lat' dir='ltr'><strong>nullus</strong></span> 
     </span>
     <span class='ocr_line' id='line_1_7' title="bbox 415 1415 590 1482; baseline -0.006 -19"><span class='ocrx_word' id='word_1_22' title='bbox 415 1415 590 1482; x_wconf 79' lang='lat' dir='ltr'><strong>praesumet.</strong></span> 
     </span>
    </p>

    <p class='ocr_par' dir='ltr' id='par_1_4' title="bbox 331 1507 816 1774">
     <span class='ocr_line' id='line_1_8' title="bbox 331 1507 816 1568; baseline -0.002 -1"><span class='ocrx_word' id='word_1_23' title='bbox 331 1507 404 1559; x_wconf 75' lang='lat' dir='ltr'>XXI·</span> <span class='ocrx_word' id='word_1_24' title='bbox 458 1513 507 1567; x_wconf 91' lang='lat'>20.</span> <span class='ocrx_word' id='word_1_25' title='bbox 523 1511 624 1568; x_wconf 91' lang='lat' dir='ltr'><strong>Dehis</strong></span> <span class='ocrx_word' id='word_1_26' title='bbox 637 1511 712 1567; x_wconf 86' lang='lat' dir='ltr'><strong>servi</strong></span> <span class='ocrx_word' id='word_1_27' title='bbox 725 1511 816 1566; x_wconf 87' lang='lat' dir='ltr'><strong>ecole-</strong></span> 
     </span>
     <span class='ocr_line' id='line_1_9' title="bbox 415 1615 816 1688; baseline -0.002 -18"><span class='ocrx_word' id='word_1_28' title='bbox 415 1616 457 1671; x_wconf 86' lang='lat' dir='ltr'><strong>sie</strong></span> <span class='ocrx_word' id='word_1_29' title='bbox 480 1615 590 1670; x_wconf 83' lang='lat' dir='ltr'><strong>tributa</strong></span> <span class='ocrx_word' id='word_1_30' title='bbox 616 1633 669 1670; x_wconf 84' lang='lat' dir='ltr'><strong>sus</strong></span> <span class='ocrx_word' id='word_1_31' title='bbox 694 1615 816 1688; x_wconf 81' lang='lat' dir='ltr'><strong>legitimi</strong></span> 
     </span>
     <span class='ocr_line' id='line_1_10' title="bbox 415 1719 527 1774; baseline 0.009 -2"><span class='ocrx_word' id='word_1_32' title='bbox 415 1719 527 1774; x_wconf 81' lang='lat' dir='ltr'><strong>retient.</strong></span> 
     </span>
    </p>
   </div>
   <div class='ocr_carea' id='block_1_4' title="bbox 318 1821 818 1981">
    <p class='ocr_par' dir='ltr' id='par_1_5' title="bbox 318 1821 818 1981">
     <span class='ocr_line' id='line_1_11' title="bbox 318 1821 818 1879; baseline 0.01 -7"><span class='ocrx_word' id='word_1_33' title='bbox 318 1822 403 1874; x_wconf 83' lang='lat' dir='ltr'>XIIII.</span> <span class='ocrx_word' id='word_1_34' title='bbox 457 1823 506 1877; x_wconf 97' lang='lat'>21.</span> <span class='ocrx_word' id='word_1_35' title='bbox 550 1823 595 1876; x_wconf 91' lang='lat' dir='ltr'><strong>De</strong></span> <span class='ocrx_word' id='word_1_36' title='bbox 630 1821 732 1878; x_wconf 88' lang='lat' dir='ltr'><strong>liberis</strong></span> <span class='ocrx_word' id='word_1_37' title='bbox 767 1829 818 1879; x_wconf 86' lang='lat' dir='ltr'><strong>sut</strong></span> 
     </span>
     <span class='ocr_line' id='line_1_12' title="bbox 416 1924 629 1981; baseline -0.005 0"><span class='ocrx_word' id='word_1_38' title='bbox 416 1924 629 1981; x_wconf 80' lang='lat' dir='ltr'><strong>ecclesiasticis.</strong></span> 
     </span>
    </p>
   </div>
   <div class='ocr_carea' id='block_1_5' title="bbox 304 2333 816 2510">
    <p class='ocr_par' dir='ltr' id='par_1_6' title="bbox 304 2333 816 2510">
     <span class='ocr_line' id='line_1_13' title="bbox 304 2333 816 2406; baseline 0.004 -20"><span class='ocrx_word' id='word_1_39' title='bbox 304 2335 404 2386; x_wconf 81' lang='lat' dir='ltr'>XXIII.</span> <span class='ocrx_word' id='word_1_40' title='bbox 458 2335 507 2390; x_wconf 90' lang='lat'>22.</span> <span class='ocrx_word' id='word_1_41' title='bbox 529 2335 574 2390; x_wconf 91' lang='lat' dir='ltr'><strong>De</strong></span> <span class='ocrx_word' id='word_1_42' title='bbox 590 2333 693 2403; x_wconf 88' lang='lat' dir='ltr'><strong>esusis,</strong></span> <span class='ocrx_word' id='word_1_43' title='bbox 718 2334 766 2406; x_wconf 91' lang='lat' dir='ltr'><strong>qul</strong></span> <span class='ocrx_word' id='word_1_44' title='bbox 779 2333 816 2388; x_wconf 87' lang='lat' dir='ltr'><strong>sd</strong></span> 
     </span>
     <span class='ocr_line' id='line_1_14' title="bbox 417 2437 659 2510; baseline -0.008 -18"><span class='ocrx_word' id='word_1_45' title='bbox 417 2437 482 2492; x_wconf 88' lang='lat' dir='ltr'><strong>duci</strong></span> <span class='ocrx_word' id='word_1_46' title='bbox 504 2437 659 2510; x_wconf 83' lang='lat' dir='ltr'><strong>pertinent.</strong></span> 
     </span>
    </p>
   </div>
   <div class='ocr_carea' id='block_1_6' title="bbox 304 2843 815 3106">
    <p class='ocr_par' dir='ltr' id='par_1_7' title="bbox 304 2843 815 3106">
     <span class='ocr_line' id='line_1_15' title="bbox 304 2843 815 2917; baseline -0.01 -13"><span class='ocrx_word' id='word_1_47' title='bbox 304 2853 401 2906; x_wconf 82' lang='lat' dir='ltr'>XXIV.</span> <span class='ocrx_word' id='word_1_48' title='bbox 455 2845 504 2900; x_wconf 90' lang='grc'><strong>23.</strong></span> <span class='ocrx_word' id='word_1_49' title='bbox 539 2846 584 2901; x_wconf 91' lang='lat' dir='ltr'><strong>De</strong></span> <span class='ocrx_word' id='word_1_50' title='bbox 611 2843 665 2914; x_wconf 85' lang='lat' dir='ltr'><strong>his,</strong></span> <span class='ocrx_word' id='word_1_51' title='bbox 696 2844 746 2917; x_wconf 88' lang='lat' dir='ltr'><strong>qui</strong></span> <span class='ocrx_word' id='word_1_52' title='bbox 772 2845 815 2900; x_wconf 81' lang='lat' dir='ltr'><strong>fu·</strong></span> 
     </span>
     <span class='ocr_line' id='line_1_16' title="bbox 413 2947 814 3021; baseline 0 -19"><span class='ocrx_word' id='word_1_53' title='bbox 413 2949 540 3021; x_wconf 89' lang='lat' dir='ltr'><strong>gicntem</strong></span> <span class='ocrx_word' id='word_1_54' title='bbox 555 2947 693 3002; x_wconf 75' lang='lat' dir='ltr'><strong>streniam</strong></span> <span class='ocrx_word' id='word_1_55' title='bbox 713 2947 814 3002; x_wconf 83' lang='lat' dir='ltr'><strong>invite·</strong></span> 
     </span>
     <span class='ocr_line' id='line_1_17' title="bbox 413 3051 495 3106; baseline 0 0"><span class='ocrx_word' id='word_1_56' title='bbox 413 3051 495 3106; x_wconf 80' lang='lat' dir='ltr'><strong>verit.</strong></span> 
     </span>
    </p>
   </div>
   <div class='ocr_carea' id='block_1_7' title="bbox 320 3256 815 3417">
    <p class='ocr_par' dir='ltr' id='par_1_8' title="bbox 320 3256 815 3417">
     <span class='ocr_line' id='line_1_18' title="bbox 320 3256 815 3330; baseline 0.002 -19"><span class='ocrx_word' id='word_1_57' title='bbox 320 3260 402 3313; x_wconf 83' lang='lat' dir='ltr'><strong>XXV.</strong></span> <span class='ocrx_word' id='word_1_58' title='bbox 456 3256 505 3312; x_wconf 89' lang='lat'>24.</span> <span class='ocrx_word' id='word_1_59' title='bbox 537 3258 583 3313; x_wconf 93' lang='lat' dir='ltr'><strong>De</strong></span> <span class='ocrx_word' id='word_1_60' title='bbox 611 3257 669 3327; x_wconf 89' lang='lat' dir='ltr'><strong>his,</strong></span> <span class='ocrx_word' id='word_1_61' title='bbox 703 3258 752 3330; x_wconf 86' lang='lat' dir='ltr'><strong>qui</strong></span> <span class='ocrx_word' id='word_1_62' title='bbox 785 3257 815 3312; x_wconf 89' lang='lat' dir='ltr'><strong>in</strong></span> 
     </span>
     <span class='ocr_line' id='line_1_19' title="bbox 415 3360 793 3417; baseline 0 -1"><span class='ocrx_word' id='word_1_63' title='bbox 415 3360 540 3416; x_wconf 88' lang='lat' dir='ltr'><strong>exercito</strong></span> <span class='ocrx_word' id='word_1_64' title='bbox 562 3360 614 3416; x_wconf 91' lang='lat' dir='ltr'><strong>lito</strong></span> <span class='ocrx_word' id='word_1_65' title='bbox 638 3361 793 3417; x_wconf 79' lang='lat' dir='ltr'><strong>comiserit.</strong></span> 
     </span>
    </p>
   </div>
   <div class='ocr_carea' id='block_1_8' title="bbox 307 3565 815 3827">
    <p class='ocr_par' dir='ltr' id='par_1_9' title="bbox 307 3565 815 3827">
     <span class='ocr_line' id='line_1_20' title="bbox 307 3565 815 3637; baseline 0.008 -21"><span class='ocrx_word' id='word_1_66' title='bbox 307 3566 402 3618; x_wconf 83' lang='lat' dir='ltr'><strong>XXVI.</strong></span> <span class='ocrx_word' id='word_1_67' title='bbox 456 3565 505 3620; x_wconf 91' lang='grc'><strong>25.</strong></span> <span class='ocrx_word' id='word_1_68' title='bbox 539 3567 585 3622; x_wconf 88' lang='lat' dir='ltr'><strong>De</strong></span> <span class='ocrx_word' id='word_1_69' title='bbox 617 3565 670 3636; x_wconf 91' lang='lat' dir='ltr'><strong>his,</strong></span> <span class='ocrx_word' id='word_1_70' title='bbox 705 3565 754 3637; x_wconf 91' lang='lat' dir='ltr'><strong>qni</strong></span> <span class='ocrx_word' id='word_1_71' title='bbox 786 3566 815 3620; x_wconf 87' lang='lat' dir='ltr'><strong>in</strong></span> 
     </span>
     <span class='ocr_line' id='line_1_21' title="bbox 415 3668 815 3738; baseline 0 -15"><span class='ocrx_word' id='word_1_72' title='bbox 415 3669 551 3738; x_wconf 88' lang='lat' dir='ltr'><strong>exercitu,</strong></span> <span class='ocrx_word' id='word_1_73' title='bbox 571 3668 622 3724; x_wconf 90' lang='lat' dir='ltr'><strong>ubi</strong></span> <span class='ocrx_word' id='word_1_74' title='bbox 636 3687 687 3724; x_wconf 90' lang='lat' dir='ltr'><strong>rex</strong></span> <span class='ocrx_word' id='word_1_75' title='bbox 702 3668 815 3725; x_wconf 81' lang='lat' dir='ltr'><strong>ondins·</strong></span> 
     </span>
     <span class='ocr_line' id='line_1_22' title="bbox 414 3771 497 3827; baseline 0.012 -1"><span class='ocrx_word' id='word_1_76' title='bbox 414 3771 497 3827; x_wconf 83' lang='lat' dir='ltr'><strong>verit.</strong></span> 
     </span>
    </p>
   </div>
   <div class='ocr_carea' id='block_1_9' title="bbox 293 4077 816 4255">
    <p class='ocr_par' dir='ltr' id='par_1_10' title="bbox 293 4077 816 4255">
     <span class='ocr_line' id='line_1_23' title="bbox 293 4077 816 4151; baseline -0.008 -15"><span class='ocrx_word' id='word_1_77' title='bbox 293 4083 406 4138; x_wconf 82' lang='lat' dir='ltr'>XXVII.</span> <span class='ocrx_word' id='word_1_78' title='bbox 460 4078 509 4133; x_wconf 84' lang='lat'>26.</span> <span class='ocrx_word' id='word_1_79' title='bbox 545 4079 590 4134; x_wconf 85' lang='lat' dir='ltr'><strong>De</strong></span> <span class='ocrx_word' id='word_1_80' title='bbox 617 4077 672 4148; x_wconf 88' lang='lat' dir='ltr'><strong>his,</strong></span> <span class='ocrx_word' id='word_1_81' title='bbox 703 4079 752 4151; x_wconf 90' lang='lat' dir='ltr'><strong>qui</strong></span> <span class='ocrx_word' id='word_1_82' title='bbox 781 4078 816 4133; x_wconf 86' lang='lat' dir='ltr'><strong>si·</strong></span> 
     </span>
     <span class='ocr_line' id='line_1_24' title="bbox 417 4181 816 4255; baseline -0.005 -18"><span class='ocrx_word' id='word_1_83' title='bbox 417 4181 539 4255; x_wconf 76' lang='lat' dir='ltr'><strong>gillam·</strong></span> <span class='ocrx_word' id='word_1_84' title='bbox 562 4181 628 4237; x_wconf 89' lang='lat' dir='ltr'><strong>duci</strong></span> <span class='ocrx_word' id='word_1_85' title='bbox 651 4181 816 4253; x_wconf 78' lang='lat' dir='ltr'><strong>dispexerit.</strong></span> 
     </span>
    </p>
   </div>
   <div class='ocr_carea' id='block_1_10' title="bbox 281 4384 817 4648">
    <p class='ocr_par' dir='ltr' id='par_1_11' title="bbox 281 4384 817 4648">
     <span class='ocr_line' id='line_1_25' title="bbox 281 4384 817 4474; baseline -0.006 -30"><span class='ocrx_word' id='word_1_86' title='bbox 281 4398 406 4474; x_wconf 71' lang='grc' dir='ltr'><strong>ΧΧἯΠ.</strong></span> <span class='ocrx_word' id='word_1_87' title='bbox 460 4387 508 4442; x_wconf 83' lang='grc'><strong>27.</strong></span> <span class='ocrx_word' id='word_1_88' title='bbox 542 4387 587 4442; x_wconf 89' lang='lat' dir='ltr'><strong>De</strong></span> <span class='ocrx_word' id='word_1_89' title='bbox 616 4384 670 4456; x_wconf 89' lang='lat' dir='ltr'><strong>his,</strong></span> <span class='ocrx_word' id='word_1_90' title='bbox 706 4387 755 4459; x_wconf 90' lang='lat' dir='ltr'><strong>qui</strong></span> <span class='ocrx_word' id='word_1_91' title='bbox 788 4387 817 4441; x_wconf 92' lang='lat' dir='ltr'><strong>in</strong></span> 
     </span>
     <span class='ocr_line' id='line_1_26' title="bbox 417 4489 817 4546; baseline 0 -2"><span class='ocrx_word' id='word_1_92' title='bbox 417 4495 498 4544; x_wconf 88' lang='lat' dir='ltr'><strong>curte</strong></span> <span class='ocrx_word' id='word_1_93' title='bbox 552 4489 619 4544; x_wconf 88' lang='lat' dir='ltr'><strong>duci</strong></span> <span class='ocrx_word' id='word_1_94' title='bbox 673 4490 817 4546; x_wconf 88' lang='lat' dir='ltr'><strong>hominem</strong></span> 
     </span>
     <span class='ocr_line' id='line_1_27' title="bbox 418 4591 561 4648; baseline 0.007 -2"><span class='ocrx_word' id='word_1_95' title='bbox 418 4591 561 4648; x_wconf 86' lang='lat' dir='ltr'><strong>occiserit.</strong></span> 
     </span>
    </p>
   </div>
   <div class='ocr_carea' id='block_1_11' title="bbox 307 4897 819 5387">
    <p class='ocr_par' dir='ltr' id='par_1_12' title="bbox 307 4897 819 5161">
     <span class='ocr_line' id='line_1_28' title="bbox 307 4897 817 4972; baseline -0.004 -14"><span class='ocrx_word' id='word_1_96' title='bbox 307 4903 405 4958; x_wconf 79' lang='lat' dir='ltr'><strong>xxm.</strong></span> <span class='ocrx_word' id='word_1_97' title='bbox 459 4899 508 4955; x_wconf 88' lang='lat'>28.</span> <span class='ocrx_word' id='word_1_98' title='bbox 531 4897 645 4969; x_wconf 73' lang='lat' dir='ltr'><strong>Deliis,</strong></span> <span class='ocrx_word' id='word_1_99' title='bbox 667 4899 817 4972; x_wconf 89' lang='lat' dir='ltr'><strong>quimisso</strong></span> 
     </span>
     <span class='ocr_line' id='line_1_29' title="bbox 417 5001 819 5074; baseline 0.005 -18"><span class='ocrx_word' id='word_1_100' title='bbox 417 5001 483 5057; x_wconf 88' lang='lat' dir='ltr'><strong>duci</strong></span> <span class='ocrx_word' id='word_1_101' title='bbox 535 5002 610 5056; x_wconf 85' lang='lat' dir='ltr'><strong>inira</strong></span> <span class='ocrx_word' id='word_1_102' title='bbox 662 5004 819 5074; x_wconf 79' lang='lat' dir='ltr'><strong>provencia</strong></span> 
     </span>
     <span class='ocr_line' id='line_1_30' title="bbox 418 5103 560 5161; baseline -0.014 0"><span class='ocrx_word' id='word_1_103' title='bbox 418 5103 560 5161; x_wconf 89' lang='lat' dir='ltr'><strong>occiserit.</strong></span> 
     </span>
    </p>

    <p class='ocr_par' dir='ltr' id='par_1_13' title="bbox 322 5207 819 5387">
     <span class='ocr_line' id='line_1_31' title="bbox 322 5207 819 5282; baseline 0 -18"><span class='ocrx_word' id='word_1_104' title='bbox 322 5220 407 5272; x_wconf 78' lang='lat' dir='ltr'><strong>xxx,</strong></span> <span class='ocrx_word' id='word_1_105' title='bbox 461 5209 509 5264; x_wconf 83' lang='lat'>29.</span> <span class='ocrx_word' id='word_1_106' title='bbox 547 5210 592 5265; x_wconf 87' lang='lat' dir='ltr'><strong>De</strong></span> <span class='ocrx_word' id='word_1_107' title='bbox 622 5207 676 5278; x_wconf 76' lang='lat' dir='ltr'><strong>hir,</strong></span> <span class='ocrx_word' id='word_1_108' title='bbox 711 5209 760 5282; x_wconf 93' lang='lat' dir='ltr'><strong>qui</strong></span> <span class='ocrx_word' id='word_1_109' title='bbox 789 5210 819 5264; x_wconf 92' lang='lat' dir='ltr'><strong>in</strong></span> 
     </span>
     <span class='ocr_line' id='line_1_32' title="bbox 419 5311 819 5387; baseline -0.003 -19"><span class='ocrx_word' id='word_1_110' title='bbox 419 5319 499 5369; x_wconf 89' lang='lat' dir='ltr'><strong>curte</strong></span> <span class='ocrx_word' id='word_1_111' title='bbox 514 5311 609 5387; x_wconf 82' lang='lat' dir='ltr'><strong>re[gls]</strong></span> <span class='ocrx_word' id='word_1_112' title='bbox 625 5312 731 5368; x_wconf 76' lang='lat' dir='ltr'><strong>fimtum</strong></span> <span class='ocrx_word' id='word_1_113' title='bbox 742 5312 819 5368; x_wconf 87' lang='lat' dir='ltr'><strong>fece·</strong></span> 
     </span>
    </p>
   </div>
   <div class='ocr_carea' id='block_1_12' title="bbox 417 5417 463 5474">
    <p class='ocr_par' dir='ltr' id='par_1_14' title="bbox 417 5417 463 5474">
     <span class='ocr_line' id='line_1_33' title="bbox 417 5417 463 5474; baseline 0.043 -2"><span class='ocrx_word' id='word_1_114' title='bbox 417 5417 463 5474; x_wconf 83' lang='lat' dir='ltr'><strong>rit.</strong></span> 
     </span>
    </p>
   </div>
   <div class='ocr_carea' id='block_1_13' title="bbox 824 503 1696 565">
    <p class='ocr_par' dir='ltr' id='par_1_15' title="bbox 824 503 1696 565">
     <span class='ocr_line' id='line_1_34' title="bbox 824 503 1696 565; baseline -0.001 0"><span class='ocrx_word' id='word_1_115' title='bbox 824 508 943 565; x_wconf 84' lang='lat' dir='ltr'>LEGES</span> <span class='ocrx_word' id='word_1_116' title='bbox 965 503 1272 565; x_wconf 82' lang='lat' dir='ltr'><strong>ALAMANNORUM.</strong></span> <span class='ocrx_word' id='word_1_117' title='bbox 1298 537 1334 548; x_wconf 88' lang='lat'><strong>·-</strong></span> <span class='ocrx_word' id='word_1_118' title='bbox 1356 505 1443 562; x_wconf 83' lang='lat' dir='ltr'>LEX.</span> <span class='ocrx_word' id='word_1_119' title='bbox 1487 505 1639 565; x_wconf 83' lang='lat' dir='ltr'>INDICES</span> <span class='ocrx_word' id='word_1_120' title='bbox 1660 507 1696 564; x_wconf 79' lang='lat' dir='ltr'><strong>A.</strong></span> 
     </span>
    </p>
   </div>
   <div class='ocr_carea' id='block_1_14' title="bbox 1099 693 1143 842">
    <p class='ocr_par' dir='ltr' id='par_1_16' title="bbox 1099 693 1143 842">
     <span class='ocr_line' id='line_1_35' title="bbox 1103 693 1129 743; baseline 0.115 -3"><span class='ocrx_word' id='word_1_121' title='bbox 1103 693 1129 743; x_wconf 83' lang='grc'><strong>3.</strong></span> 
     </span>
     <span class='ocr_line' id='line_1_36' title="bbox 1099 792 1143 842; baseline 0 -1"><span class='ocrx_word' id='word_1_122' title='bbox 1099 792 1143 842; x_wconf 83' lang='grc'><strong>19.</strong></span> 
     </span>
    </p>
   </div>
   <div class='ocr_carea' id='block_1_15' title="bbox 946 3565 1194 3630">
    <p class='ocr_par' dir='ltr' id='par_1_17' title="bbox 946 3565 1194 3630">
     <span class='ocr_line' id='line_1_37' title="bbox 946 3565 1194 3630; baseline -0.004 -13"><span class='ocrx_word' id='word_1_123' title='bbox 946 3616 952 3630; x_wconf 73' lang='grc'><em>,</em></span> <span class='ocrx_word' id='word_1_124' title='bbox 1044 3565 1194 3630; x_wconf 71' lang='lat' dir='ltr'><strong>senonis,</strong></span> 
     </span>
    </p>
   </div>
   <div class='ocr_carea' id='block_1_16' title="bbox 1044 3660 1193 3986">
    <p class='ocr_par' dir='ltr' id='par_1_18' title="bbox 1044 3660 1193 3727">
     <span class='ocr_line' id='line_1_38' title="bbox 1044 3660 1193 3727; baseline -0.007 -17"><span class='ocrx_word' id='word_1_125' title='bbox 1044 3661 1090 3727; x_wconf 88' lang='lat' dir='ltr'><strong>qui</strong></span> <span class='ocrx_word' id='word_1_126' title='bbox 1107 3660 1135 3710; x_wconf 92' lang='lat' dir='ltr'><strong>in</strong></span> <span class='ocrx_word' id='word_1_127' title='bbox 1149 3675 1193 3709; x_wconf 85' lang='lat' dir='ltr'><strong>ex·</strong></span> 
     </span>
    </p>

    <p class='ocr_par' dir='ltr' id='par_1_19' title="bbox 1044 3751 1193 3803">
     <span class='ocr_line' id='line_1_39' title="bbox 1044 3751 1193 3803; baseline -0.013 0"><span class='ocrx_word' id='word_1_128' title='bbox 1044 3753 1122 3803; x_wconf 88' lang='lat' dir='ltr'><strong>ertitu</strong></span> <span class='ocrx_word' id='word_1_129' title='bbox 1141 3751 1193 3802; x_wconf 85' lang='lat' dir='ltr'><strong>fur·</strong></span> 
     </span>
    </p>

    <p class='ocr_par' dir='ltr' id='par_1_20' title="bbox 1044 3844 1193 3986">
     <span class='ocr_line' id='line_1_40' title="bbox 1044 3844 1193 3895; baseline -0.007 0"><span class='ocrx_word' id='word_1_130' title='bbox 1044 3849 1099 3895; x_wconf 86' lang='lat' dir='ltr'><strong>tum</strong></span> <span class='ocrx_word' id='word_1_131' title='bbox 1129 3844 1193 3895; x_wconf 80' lang='lat' dir='ltr'><strong>leci·</strong></span> 
     </span>
     <span class='ocr_line' id='line_1_41' title="bbox 1090 3940 1148 3986; baseline -0.017 0"><span class='ocrx_word' id='word_1_132' title='bbox 1090 3940 1148 3986; x_wconf 84' lang='lat' dir='ltr'><strong>unt.</strong></span> 
     </span>
    </p>
   </div>
   <div class='ocr_carea' id='block_1_17' title="bbox 1100 4083 1143 4132">
    <p class='ocr_par' dir='ltr' id='par_1_21' title="bbox 1100 4083 1143 4132">
     <span class='ocr_line' id='line_1_42' title="bbox 1100 4083 1143 4132; baseline 0.023 -1"><span class='ocrx_word' id='word_1_133' title='bbox 1100 4083 1143 4132; x_wconf 85' lang='grc'><strong>27.</strong></span> 
     </span>
    </p>
   </div>
   <div class='ocr_carea' id='block_1_18' title="bbox 948 4387 1195 4450">
    <p class='ocr_par' dir='ltr' id='par_1_22' title="bbox 948 4387 1195 4450">
     <span class='ocr_line' id='line_1_43' title="bbox 948 4387 1195 4450; baseline 0.012 -14"><span class='ocrx_word' id='word_1_134' title='bbox 948 4438 954 4450; x_wconf 59' lang='grc'><strong>,</strong></span> <span class='ocrx_word' id='word_1_135' title='bbox 1046 4387 1089 4439; x_wconf 88' lang='grc'><strong>28.</strong></span> <span class='ocrx_word' id='word_1_136' title='bbox 1102 4388 1195 4439; x_wconf 84' lang='lat' dir='ltr'><strong>Dehis</strong></span> 
     </span>
    </p>
   </div>
   <div class='ocr_carea' id='block_1_19' title="bbox 1071 4482 1168 4547">
    <p class='ocr_par' dir='ltr' id='par_1_23' title="bbox 1071 4482 1168 4547">
     <span class='ocr_line' id='line_1_44' title="bbox 1071 4482 1168 4547; baseline 0 -16"><span class='ocrx_word' id='word_1_137' title='bbox 1071 4482 1168 4547; x_wconf 84' lang='lat' dir='ltr'><strong>quiin</strong></span> 
     </span>
    </p>
   </div>
   <div class='ocr_carea' id='block_1_20' title="bbox 1043 4573 1196 4624">
    <p class='ocr_par' dir='ltr' id='par_1_24' title="bbox 1043 4573 1196 4624">
     <span class='ocr_line' id='line_1_45' title="bbox 1043 4573 1196 4624; baseline -0.007 0"><span class='ocrx_word' id='word_1_138' title='bbox 1043 4573 1196 4624; x_wconf 83' lang='lat' dir='ltr'><strong>cnrtcdncis</strong></span> 
     </span>
    </p>
   </div>
   <div class='ocr_carea' id='block_1_21' title="bbox 1050 4665 1189 4810">
    <p class='ocr_par' dir='ltr' id='par_1_25' title="bbox 1050 4665 1189 4810">
     <span class='ocr_line' id='line_1_46' title="bbox 1051 4665 1187 4717; baseline 0.015 -2"><span class='ocrx_word' id='word_1_139' title='bbox 1051 4665 1187 4717; x_wconf 84' lang='lat' dir='ltr'><strong>hominem</strong></span> 
     </span>
     <span class='ocr_line' id='line_1_47' title="bbox 1050 4758 1189 4810; baseline -0.014 0"><span class='ocrx_word' id='word_1_140' title='bbox 1050 4758 1189 4810; x_wconf 84' lang='lat' dir='ltr'><strong>occiderit.</strong></span> 
     </span>
    </p>
   </div>
   <div class='ocr_carea' id='block_1_22' title="bbox 1099 4907 1143 4960">
    <p class='ocr_par' dir='ltr' id='par_1_26' title="bbox 1099 4907 1143 4960">
     <span class='ocr_line' id='line_1_48' title="bbox 1099 4907 1143 4960; baseline 0.091 -5"><span class='ocrx_word' id='word_1_141' title='bbox 1099 4907 1143 4960; x_wconf 87' lang='grc'><strong>29.</strong></span> 
     </span>
    </p>
   </div>
   <div class='ocr_carea' id='block_1_23' title="bbox 1230 691 1805 2406">
    <p class='ocr_par' dir='ltr' id='par_1_27' title="bbox 1416 691 1761 746">
     <span class='ocr_line' id='line_1_49' title="bbox 1416 691 1761 746; baseline 0.014 -6"><span class='ocrx_word' id='word_1_142' title='bbox 1416 691 1442 742; x_wconf 79' lang='lat' dir='ltr'><strong>t.</strong></span> <span class='ocrx_word' id='word_1_143' title='bbox 1734 693 1761 746; x_wconf 82' lang='grc'><strong>5.</strong></span> 
     </span>
    </p>

    <p class='ocr_par' dir='ltr' id='par_1_28' title="bbox 1231 777 1772 1150">
     <span class='ocr_line' id='line_1_50' title="bbox 1275 777 1772 857; baseline 0.008 -16"><span class='ocrx_word' id='word_1_144' title='bbox 1275 785 1324 841; x_wconf 79' lang='lat'>20.</span> <span class='ocrx_word' id='word_1_145' title='bbox 1344 783 1418 857; x_wconf 83' lang='grc'><strong>(19).</strong></span> <span class='ocrx_word' id='word_1_146' title='bbox 1440 777 1500 840; x_wconf 64' lang='lat' dir='ltr'><strong>Uti</strong></span> <span class='ocrx_word' id='word_1_147' title='bbox 1522 785 1633 857; x_wconf 73' lang='lat' dir='ltr'><strong>pressi·</strong></span> <span class='ocrx_word' id='word_1_148' title='bbox 1728 794 1772 846; x_wconf 86' lang='lat' dir='ltr'><strong>so.</strong></span> 
     </span>
     <span class='ocr_line' id='line_1_51' title="bbox 1231 887 1634 959; baseline 0 -15"><span class='ocrx_word' id='word_1_149' title='bbox 1231 895 1277 944; x_wconf 88' lang='lat' dir='ltr'><strong>ter</strong></span> <span class='ocrx_word' id='word_1_150' title='bbox 1301 905 1348 944; x_wconf 86' lang='lat' dir='ltr'><strong>res</strong></span> <span class='ocrx_word' id='word_1_151' title='bbox 1375 887 1519 959; x_wconf 78' lang='lat' dir='ltr'><strong>mancipis</strong></span> <span class='ocrx_word' id='word_1_152' title='bbox 1543 889 1634 944; x_wconf 88' lang='lat' dir='ltr'><strong>eccle-</strong></span> 
     </span>
     <span class='ocr_line' id='line_1_52' title="bbox 1232 991 1635 1072; baseline 0.005 -26"><span class='ocrx_word' id='word_1_153' title='bbox 1232 991 1274 1047; x_wconf 85' lang='lat' dir='ltr'><strong>sie</strong></span> <span class='ocrx_word' id='word_1_154' title='bbox 1295 996 1471 1064; x_wconf 78' lang='lat' dir='ltr'><strong>potestatem</strong></span> <span class='ocrx_word' id='word_1_155' title='bbox 1488 991 1635 1072; x_wconf 62' lang='lat' dir='ltr'><strong>vendendi</strong></span> 
     </span>
     <span class='ocr_line' id='line_1_53' title="bbox 1233 1095 1431 1150; baseline -0.01 0"><span class='ocrx_word' id='word_1_156' title='bbox 1233 1112 1292 1150; x_wconf 91' lang='lat' dir='ltr'><strong>non</strong></span> <span class='ocrx_word' id='word_1_157' title='bbox 1314 1095 1431 1150; x_wconf 83' lang='lat' dir='ltr'><strong>hebeat.</strong></span> 
     </span>
    </p>

    <p class='ocr_par' dir='ltr' id='par_1_29' title="bbox 1231 1195 1636 1477">
     <span class='ocr_line' id='line_1_54' title="bbox 1275 1195 1636 1271; baseline 0 -18"><span class='ocrx_word' id='word_1_158' title='bbox 1275 1199 1324 1253; x_wconf 91' lang='lat'>21.</span> <span class='ocrx_word' id='word_1_159' title='bbox 1348 1197 1421 1270; x_wconf 90' lang='grc'><strong>(20).</strong></span> <span class='ocrx_word' id='word_1_160' title='bbox 1444 1198 1489 1253; x_wconf 90' lang='lat' dir='ltr'><strong>De</strong></span> <span class='ocrx_word' id='word_1_161' title='bbox 1507 1195 1561 1266; x_wconf 89' lang='lat' dir='ltr'><strong>his,</strong></span> <span class='ocrx_word' id='word_1_162' title='bbox 1586 1198 1636 1271; x_wconf 90' lang='lat' dir='ltr'><strong>qui</strong></span> 
     </span>
     <span class='ocr_line' id='line_1_55' title="bbox 1232 1301 1635 1358; baseline -0.01 0"><span class='ocrx_word' id='word_1_163' title='bbox 1232 1301 1355 1358; x_wconf 87' lang='lat' dir='ltr'><strong>ecclesie</strong></span> <span class='ocrx_word' id='word_1_164' title='bbox 1365 1318 1478 1356; x_wconf 76' lang='lat' dir='ltr'><strong>servum</strong></span> <span class='ocrx_word' id='word_1_165' title='bbox 1489 1307 1539 1356; x_wconf 88' lang='lat' dir='ltr'><strong>sut</strong></span> <span class='ocrx_word' id='word_1_166' title='bbox 1547 1301 1635 1356; x_wconf 87' lang='lat' dir='ltr'><strong>sncil-</strong></span> 
     </span>
     <span class='ocr_line' id='line_1_56' title="bbox 1231 1403 1634 1477; baseline -0.002 -17"><span class='ocrx_word' id='word_1_167' title='bbox 1231 1405 1289 1460; x_wconf 85' lang='lat' dir='ltr'><strong>lsm</strong></span> <span class='ocrx_word' id='word_1_168' title='bbox 1302 1403 1476 1476; x_wconf 86' lang='lat' dir='ltr'><strong>susciperint</strong></span> <span class='ocrx_word' id='word_1_169' title='bbox 1486 1403 1634 1477; x_wconf 85' lang='lat' dir='ltr'><strong>fugitivos.</strong></span> 
     </span>
    </p>

    <p class='ocr_par' dir='ltr' id='par_1_30' title="bbox 1232 1506 1636 1770">
     <span class='ocr_line' id='line_1_57' title="bbox 1273 1506 1636 1580; baseline -0.006 -17"><span class='ocrx_word' id='word_1_170' title='bbox 1273 1509 1323 1564; x_wconf 85' lang='lat'>22.</span> <span class='ocrx_word' id='word_1_171' title='bbox 1333 1507 1405 1580; x_wconf 89' lang='lat'>(21).</span> <span class='ocrx_word' id='word_1_172' title='bbox 1422 1506 1553 1574; x_wconf 76' lang='lat' dir='ltr'><strong>Qualiter</strong></span> <span class='ocrx_word' id='word_1_173' title='bbox 1561 1507 1636 1562; x_wconf 85' lang='lat' dir='ltr'><strong>servi</strong></span> 
     </span>
     <span class='ocr_line' id='line_1_58' title="bbox 1232 1609 1635 1667; baseline -0.007 -1"><span class='ocrx_word' id='word_1_174' title='bbox 1232 1610 1355 1667; x_wconf 90' lang='lat' dir='ltr'><strong>ecclesie</strong></span> <span class='ocrx_word' id='word_1_175' title='bbox 1392 1609 1503 1666; x_wconf 80' lang='lat' dir='ltr'><strong>tribute</strong></span> <span class='ocrx_word' id='word_1_176' title='bbox 1539 1609 1635 1666; x_wconf 61' lang='lat' dir='ltr'><strong>solvis</strong></span> 
     </span>
     <span class='ocr_line' id='line_1_59' title="bbox 1233 1713 1348 1770; baseline -0.017 -1"><span class='ocrx_word' id='word_1_177' title='bbox 1233 1713 1348 1770; x_wconf 78' lang='lat' dir='ltr'><strong>debeat.</strong></span> 
     </span>
    </p>

    <p class='ocr_par' dir='ltr' id='par_1_31' title="bbox 1230 1815 1636 2286">
     <span class='ocr_line' id='line_1_60' title="bbox 1274 1815 1636 1889; baseline -0.006 -17"><span class='ocrx_word' id='word_1_178' title='bbox 1274 1818 1323 1872; x_wconf 94' lang='grc'><strong>23.</strong></span> <span class='ocrx_word' id='word_1_179' title='bbox 1346 1815 1420 1889; x_wconf 88' lang='grc'><strong>(22).</strong></span> <span class='ocrx_word' id='word_1_180' title='bbox 1449 1816 1495 1871; x_wconf 90' lang='lat' dir='ltr'><strong>De</strong></span> <span class='ocrx_word' id='word_1_181' title='bbox 1525 1816 1636 1872; x_wconf 90' lang='lat' dir='ltr'><strong>colonis</strong></span> 
     </span>
     <span class='ocr_line' id='line_1_61' title="bbox 1233 1919 1635 1990; baseline -0.01 -14"><span class='ocrx_word' id='word_1_182' title='bbox 1233 1919 1449 1990; x_wconf 78' lang='lat' dir='ltr'><strong>ecclesiasticis,</strong></span> <span class='ocrx_word' id='word_1_183' title='bbox 1473 1919 1498 1974; x_wconf 92' lang='lat' dir='ltr'><strong>si</strong></span> <span class='ocrx_word' id='word_1_184' title='bbox 1520 1919 1557 1973; x_wconf 86' lang='lat' dir='ltr'><strong>sd</strong></span> <span class='ocrx_word' id='word_1_185' title='bbox 1575 1919 1635 1990; x_wconf 88' lang='lat' dir='ltr'><strong>opi-</strong></span> 
     </span>
     <span class='ocr_line' id='line_1_62' title="bbox 1232 2021 1636 2096; baseline -0.012 -16"><span class='ocrx_word' id='word_1_186' title='bbox 1232 2041 1352 2096; x_wconf 87' lang='lat' dir='ltr'><strong>scopum</strong></span> <span class='ocrx_word' id='word_1_187' title='bbox 1381 2029 1431 2078; x_wconf 88' lang='lat' dir='ltr'><strong>sut</strong></span> <span class='ocrx_word' id='word_1_188' title='bbox 1452 2022 1489 2077; x_wconf 86' lang='lat' dir='ltr'><strong>sd</strong></span> <span class='ocrx_word' id='word_1_189' title='bbox 1511 2021 1636 2076; x_wconf 89' lang='lat' dir='ltr'><strong>iudicem</strong></span> 
     </span>
     <span class='ocr_line' id='line_1_63' title="bbox 1232 2125 1633 2197; baseline -0.005 -15"><span class='ocrx_word' id='word_1_190' title='bbox 1232 2144 1314 2183; x_wconf 87' lang='lat' dir='ltr'><strong>suum</strong></span> <span class='ocrx_word' id='word_1_191' title='bbox 1355 2125 1455 2182; x_wconf 83' lang='lat' dir='ltr'><strong>venire</strong></span> <span class='ocrx_word' id='word_1_192' title='bbox 1502 2125 1633 2197; x_wconf 88' lang='lat' dir='ltr'><strong>dispexe-</strong></span> 
     </span>
     <span class='ocr_line' id='line_1_64' title="bbox 1230 2222 1329 2286; baseline -0.02 0"><span class='ocrx_word' id='word_1_193' title='bbox 1230 2235 1298 2286; x_wconf 89' lang='lat' dir='ltr'><strong>runt</strong></span> <span class='ocrx_word' id='word_1_194' title='bbox 1306 2222 1329 2285; x_wconf 69' lang='lat'>⁶.</span> 
     </span>
    </p>

    <p class='ocr_par' dir='ltr' id='par_1_32' title="bbox 1274 2326 1805 2406">
     <span class='ocr_line' id='line_1_65' title="bbox 1274 2326 1805 2406; baseline -0.004 -18"><span class='ocrx_word' id='word_1_195' title='bbox 1274 2333 1322 2388; x_wconf 90' lang='lat'>24.</span> <span class='ocrx_word' id='word_1_196' title='bbox 1340 2333 1413 2406; x_wconf 85' lang='grc'><strong>(23).</strong></span> <span class='ocrx_word' id='word_1_197' title='bbox 1436 2333 1482 2388; x_wconf 91' lang='lat' dir='ltr'><strong>De</strong></span> <span class='ocrx_word' id='word_1_198' title='bbox 1498 2335 1562 2402; x_wconf 71' lang='grc' dir='ltr'><strong>ου’,</strong></span> <span class='ocrx_word' id='word_1_199' title='bbox 1586 2331 1635 2404; x_wconf 91' lang='lat' dir='ltr'><strong>qui</strong></span> <span class='ocrx_word' id='word_1_200' title='bbox 1692 2326 1735 2377; x_wconf 72' lang='lat'><strong>24·</strong></span> <span class='ocrx_word' id='word_1_201' title='bbox 1763 2327 1805 2378; x_wconf 64' lang='lat' dir='ltr'><strong>Do</strong></span> 
     </span>
    </p>
   </div>
   <div class='ocr_carea' id='block_1_24' title="bbox 1231 2419 1795 2493">
    <p class='ocr_par' dir='ltr' id='par_1_33' title="bbox 1231 2419 1795 2493">
     <span class='ocr_line' id='line_1_66' title="bbox 1231 2419 1795 2493; baseline -0.014 -2"><span class='ocrx_word' id='word_1_202' title='bbox 1231 2442 1352 2493; x_wconf 91' lang='lat' dir='ltr'><strong>mortem</strong></span> <span class='ocrx_word' id='word_1_203' title='bbox 1386 2435 1467 2491; x_wconf 89' lang='lat' dir='ltr'><strong>ducis</strong></span> <span class='ocrx_word' id='word_1_204' title='bbox 1500 2435 1633 2493; x_wconf 87' lang='lat' dir='ltr'><strong>consilis·</strong></span> <span class='ocrx_word' id='word_1_205' title='bbox 1700 2419 1795 2483; x_wconf 63' lang='lat' dir='ltr'><strong>“fflr</strong></span> 
     </span>
    </p>
   </div>
   <div class='ocr_carea' id='block_1_25' title="bbox 1231 2510 1814 2654">
    <p class='ocr_par' dir='ltr' id='par_1_34' title="bbox 1231 2510 1814 2654">
     <span class='ocr_line' id='line_1_67' title="bbox 1231 2510 1814 2596; baseline -0.005 0"><span class='ocrx_word' id='word_1_206' title='bbox 1231 2532 1299 2596; x_wconf 80' lang='lat' dir='ltr'><strong>tus¹</strong></span> <span class='ocrx_word' id='word_1_207' title='bbox 1321 2539 1438 2595; x_wconf 86' lang='lat' dir='ltr'><strong>fuerint.</strong></span> <span class='ocrx_word' id='word_1_208' title='bbox 1682 2527 1751 2578; x_wconf 62' lang='lat' dir='ltr'><strong>qm</strong></span> <span class='ocrx_word' id='word_1_209' title='bbox 1778 2510 1814 2561; x_wconf 58' lang='grc' dir='ltr'><strong>’ἁ</strong></span> 
     </span>
     <span class='ocr_line' id='line_1_68' title="bbox 1699 2602 1795 2654; baseline 0.01 -1"><span class='ocrx_word' id='word_1_210' title='bbox 1699 2602 1795 2654; x_wconf 77' lang='lat' dir='ltr'><strong>(lucem</strong></span> 
     </span>
    </p>
   </div>
   <div class='ocr_carea' id='block_1_26' title="bbox 1669 2696 1812 2761">
    <p class='ocr_par' dir='ltr' id='par_1_35' title="bbox 1669 2696 1812 2761">
     <span class='ocr_line' id='line_1_69' title="bbox 1669 2696 1812 2761; baseline 0 -15"><span class='ocrx_word' id='word_1_211' title='bbox 1669 2696 1812 2761; x_wconf 83' lang='lat' dir='ltr'><strong>pertinent.</strong></span> 
     </span>
    </p>
   </div>
   <div class='ocr_carea' id='block_1_27' title="bbox 1228 2842 1770 3831">
    <p class='ocr_par' dir='ltr' id='par_1_36' title="bbox 1228 2842 1770 3831">
     <span class='ocr_line' id='line_1_70' title="bbox 1272 2842 1770 2919; baseline -0.006 -17"><span class='ocrx_word' id='word_1_212' title='bbox 1272 2847 1322 2902; x_wconf 85' lang='lat'>25.</span> <span class='ocrx_word' id='word_1_213' title='bbox 1343 2845 1416 2919; x_wconf 89' lang='lat'>(24).</span> <span class='ocrx_word' id='word_1_214' title='bbox 1438 2846 1484 2901; x_wconf 91' lang='lat' dir='ltr'><strong>De</strong></span> <span class='ocrx_word' id='word_1_215' title='bbox 1506 2843 1632 2914; x_wconf 90' lang='lat' dir='ltr'><strong>homine,</strong></span> <span class='ocrx_word' id='word_1_216' title='bbox 1726 2842 1770 2894; x_wconf 75' lang='lat'><strong>25·</strong></span> 
     </span>
     <span class='ocr_line' id='line_1_71' title="bbox 1231 2949 1633 3022; baseline -0.005 -18"><span class='ocrx_word' id='word_1_217' title='bbox 1231 2949 1280 3022; x_wconf 93' lang='lat' dir='ltr'><strong>qui</strong></span> <span class='ocrx_word' id='word_1_218' title='bbox 1317 2955 1433 3022; x_wconf 81' lang='lat' dir='ltr'><strong>gentem</strong></span> <span class='ocrx_word' id='word_1_219' title='bbox 1467 2954 1633 3004; x_wconf 82' lang='lat' dir='ltr'><strong>extraneam</strong></span> 
     </span>
     <span class='ocr_line' id='line_1_72' title="bbox 1228 3052 1632 3125; baseline -0.002 -18"><span class='ocrx_word' id='word_1_220' title='bbox 1228 3052 1305 3107; x_wconf 85' lang='lat' dir='ltr'><strong>infre</strong></span> <span class='ocrx_word' id='word_1_221' title='bbox 1325 3052 1505 3125; x_wconf 81' lang='lat' dir='ltr'><strong>provinciam</strong></span> <span class='ocrx_word' id='word_1_222' title='bbox 1530 3052 1632 3107; x_wconf 80' lang='lat' dir='ltr'><strong>invite·</strong></span> 
     </span>
     <span class='ocr_line' id='line_1_73' title="bbox 1229 3155 1312 3210; baseline 0 0"><span class='ocrx_word' id='word_1_223' title='bbox 1229 3155 1312 3210; x_wconf 85' lang='lat' dir='ltr'><strong>verit.</strong></span> 
     </span>
     <span class='ocr_line' id='line_1_74' title="bbox 1272 3258 1633 3331; baseline -0.003 -17"><span class='ocrx_word' id='word_1_224' title='bbox 1272 3260 1321 3315; x_wconf 92' lang='grc'><strong>26.</strong></span> <span class='ocrx_word' id='word_1_225' title='bbox 1343 3258 1416 3331; x_wconf 90' lang='grc'><strong>(25).</strong></span> <span class='ocrx_word' id='word_1_226' title='bbox 1439 3260 1484 3315; x_wconf 90' lang='lat' dir='ltr'><strong>De</strong></span> <span class='ocrx_word' id='word_1_227' title='bbox 1506 3258 1560 3330; x_wconf 90' lang='lat' dir='ltr'><strong>his,</strong></span> <span class='ocrx_word' id='word_1_228' title='bbox 1584 3259 1633 3331; x_wconf 91' lang='lat' dir='ltr'><strong>qui</strong></span> 
     </span>
     <span class='ocr_line' id='line_1_75' title="bbox 1229 3361 1632 3417; baseline 0.002 -1"><span class='ocrx_word' id='word_1_229' title='bbox 1229 3363 1259 3416; x_wconf 92' lang='lat' dir='ltr'><strong>in</strong></span> <span class='ocrx_word' id='word_1_230' title='bbox 1291 3361 1418 3417; x_wconf 89' lang='lat' dir='ltr'><strong>exercitu</strong></span> <span class='ocrx_word' id='word_1_231' title='bbox 1447 3362 1527 3417; x_wconf 90' lang='lat' dir='ltr'><strong>litem</strong></span> <span class='ocrx_word' id='word_1_232' title='bbox 1558 3379 1632 3417; x_wconf 87' lang='lat' dir='ltr'><strong>ccm-</strong></span> 
     </span>
     <span class='ocr_line' id='line_1_76' title="bbox 1232 3465 1371 3520; baseline -0.007 0"><span class='ocrx_word' id='word_1_233' title='bbox 1232 3465 1371 3520; x_wconf 86' lang='lat' dir='ltr'><strong>miserint.</strong></span> 
     </span>
     <span class='ocr_line' id='line_1_77' title="bbox 1275 3567 1635 3641; baseline 0.003 -18"><span class='ocrx_word' id='word_1_234' title='bbox 1275 3569 1324 3623; x_wconf 78' lang='lat'>21.</span> <span class='ocrx_word' id='word_1_235' title='bbox 1345 3568 1418 3641; x_wconf 90' lang='grc'><strong>(26).</strong></span> <span class='ocrx_word' id='word_1_236' title='bbox 1441 3569 1486 3624; x_wconf 91' lang='lat' dir='ltr'><strong>De</strong></span> <span class='ocrx_word' id='word_1_237' title='bbox 1508 3567 1562 3639; x_wconf 82' lang='lat' dir='ltr'><strong>his,</strong></span> <span class='ocrx_word' id='word_1_238' title='bbox 1586 3569 1635 3641; x_wconf 91' lang='lat' dir='ltr'><strong>qui</strong></span> 
     </span>
     <span class='ocr_line' id='line_1_78' title="bbox 1232 3670 1633 3744; baseline -0.002 -17"><span class='ocrx_word' id='word_1_239' title='bbox 1232 3672 1262 3726; x_wconf 92' lang='lat' dir='ltr'><strong>in</strong></span> <span class='ocrx_word' id='word_1_240' title='bbox 1286 3671 1413 3727; x_wconf 87' lang='lat' dir='ltr'><strong>exercitu</strong></span> <span class='ocrx_word' id='word_1_241' title='bbox 1441 3670 1551 3744; x_wconf 77' lang='lat' dir='ltr'><strong>aliquid</strong></span> <span class='ocrx_word' id='word_1_242' title='bbox 1576 3671 1633 3727; x_wconf 88' lang='lat' dir='ltr'><strong>fur·</strong></span> 
     </span>
     <span class='ocr_line' id='line_1_79' title="bbox 1233 3773 1446 3831; baseline 0 -1"><span class='ocrx_word' id='word_1_243' title='bbox 1233 3781 1292 3830; x_wconf 90' lang='lat' dir='ltr'><strong>tum</strong></span> <span class='ocrx_word' id='word_1_244' title='bbox 1314 3773 1446 3831; x_wconf 86' lang='lat' dir='ltr'><strong>fecerint.</strong></span> 
     </span>
    </p>
   </div>
   <div class='ocr_carea' id='block_1_28' title="bbox 1233 4080 1635 4651">
    <p class='ocr_par' dir='ltr' id='par_1_37' title="bbox 1233 4080 1634 4361">
     <span class='ocr_line' id='line_1_80' title="bbox 1276 4080 1634 4154; baseline -0.008 -16"><span class='ocrx_word' id='word_1_245' title='bbox 1276 4084 1325 4139; x_wconf 88' lang='lat'><strong>28.</strong></span> <span class='ocrx_word' id='word_1_246' title='bbox 1348 4082 1420 4154; x_wconf 83' lang='lat'>(2¹1).</span> <span class='ocrx_word' id='word_1_247' title='bbox 1450 4082 1562 4150; x_wconf 82' lang='lat' dir='ltr'><strong>Boeo,</strong></span> <span class='ocrx_word' id='word_1_248' title='bbox 1586 4080 1634 4152; x_wconf 91' lang='lat' dir='ltr'><strong>qui</strong></span> 
     </span>
     <span class='ocr_line' id='line_1_81' title="bbox 1233 4185 1634 4258; baseline -0.002 -19"><span class='ocrx_word' id='word_1_249' title='bbox 1233 4185 1361 4258; x_wconf 87' lang='lat' dir='ltr'><strong>sigillum</strong></span> <span class='ocrx_word' id='word_1_250' title='bbox 1392 4190 1442 4240; x_wconf 85' lang='lat' dir='ltr'><strong>sut</strong></span> <span class='ocrx_word' id='word_1_251' title='bbox 1469 4185 1634 4240; x_wconf 80' lang='lat' dir='ltr'><strong>mandatum</strong></span> 
     </span>
     <span class='ocr_line' id='line_1_82' title="bbox 1234 4287 1507 4361; baseline -0.011 -18"><span class='ocrx_word' id='word_1_252' title='bbox 1234 4289 1315 4343; x_wconf 86' lang='lat' dir='ltr'><strong>ducis</strong></span> <span class='ocrx_word' id='word_1_253' title='bbox 1337 4287 1507 4361; x_wconf 87' lang='lat' dir='ltr'><strong>neglexerit.</strong></span> 
     </span>
    </p>

    <p class='ocr_par' dir='ltr' id='par_1_38' title="bbox 1234 4389 1635 4651">
     <span class='ocr_line' id='line_1_83' title="bbox 1276 4389 1634 4462; baseline 0 -18"><span class='ocrx_word' id='word_1_254' title='bbox 1276 4391 1325 4444; x_wconf 89' lang='grc'><strong>29.</strong></span> <span class='ocrx_word' id='word_1_255' title='bbox 1349 4389 1422 4462; x_wconf 90' lang='grc'><strong>(28).</strong></span> <span class='ocrx_word' id='word_1_256' title='bbox 1449 4390 1494 4445; x_wconf 89' lang='lat' dir='ltr'><strong>De</strong></span> <span class='ocrx_word' id='word_1_257' title='bbox 1517 4408 1561 4458; x_wconf 88' lang='lat' dir='ltr'><strong>eo,</strong></span> <span class='ocrx_word' id='word_1_258' title='bbox 1586 4389 1634 4461; x_wconf 90' lang='lat' dir='ltr'><strong>qui</strong></span> 
     </span>
     <span class='ocr_line' id='line_1_84' title="bbox 1234 4491 1635 4548; baseline -0.002 -1"><span class='ocrx_word' id='word_1_259' title='bbox 1234 4493 1263 4547; x_wconf 91' lang='lat' dir='ltr'><strong>in</strong></span> <span class='ocrx_word' id='word_1_260' title='bbox 1286 4499 1366 4547; x_wconf 87' lang='lat' dir='ltr'><strong>curte</strong></span> <span class='ocrx_word' id='word_1_261' title='bbox 1389 4492 1470 4547; x_wconf 88' lang='lat' dir='ltr'><strong>ducis</strong></span> <span class='ocrx_word' id='word_1_262' title='bbox 1491 4491 1635 4548; x_wconf 88' lang='lat' dir='ltr'><strong>hominem</strong></span> 
     </span>
     <span class='ocr_line' id='line_1_85' title="bbox 1234 4595 1403 4651; baseline 0.006 -1"><span class='ocrx_word' id='word_1_263' title='bbox 1234 4595 1403 4651; x_wconf 58' lang='lat' dir='ltr'><strong>occiderit&amp;</strong></span> 
     </span>
    </p>
   </div>
   <div class='ocr_carea' id='block_1_29' title="bbox 1232 4902 1722 5473">
    <p class='ocr_par' dir='ltr' id='par_1_39' title="bbox 1232 4902 1722 5164">
     <span class='ocr_line' id='line_1_86' title="bbox 1275 4902 1634 4975; baseline 0 -18"><span class='ocrx_word' id='word_1_264' title='bbox 1275 4903 1323 4958; x_wconf 83' lang='lat'><strong>³0.</strong></span> <span class='ocrx_word' id='word_1_265' title='bbox 1347 4902 1420 4975; x_wconf 85' lang='grc'><strong>(29).</strong></span> <span class='ocrx_word' id='word_1_266' title='bbox 1447 4903 1492 4958; x_wconf 89' lang='lat' dir='ltr'><strong>Dc</strong></span> <span class='ocrx_word' id='word_1_267' title='bbox 1516 4919 1561 4971; x_wconf 89' lang='lat' dir='ltr'><strong>eo,</strong></span> <span class='ocrx_word' id='word_1_268' title='bbox 1585 4902 1634 4974; x_wconf 91' lang='lat' dir='ltr'><strong>qui</strong></span> 
     </span>
     <span class='ocr_line' id='line_1_87' title="bbox 1233 5004 1722 5078; baseline 0.004 -20"><span class='ocrx_word' id='word_1_269' title='bbox 1233 5005 1349 5060; x_wconf 89' lang='lat' dir='ltr'><strong>missum</strong></span> <span class='ocrx_word' id='word_1_270' title='bbox 1372 5005 1453 5060; x_wconf 90' lang='lat' dir='ltr'><strong>ducis</strong></span> <span class='ocrx_word' id='word_1_271' title='bbox 1473 5004 1550 5060; x_wconf 82' lang='lat' dir='ltr'><strong>infre</strong></span> <span class='ocrx_word' id='word_1_272' title='bbox 1566 5023 1633 5077; x_wconf 89' lang='lat' dir='ltr'><strong>pro·</strong></span> <span class='ocrx_word' id='word_1_273' title='bbox 1720 5069 1722 5078; x_wconf 21' lang='lat' dir='ltr'>y</span> 
     </span>
     <span class='ocr_line' id='line_1_88' title="bbox 1232 5101 1541 5164; baseline -0.003 -1"><span class='ocrx_word' id='word_1_274' title='bbox 1232 5108 1328 5164; x_wconf 80' lang='lat' dir='ltr'><strong>vincis</strong></span> <span class='ocrx_word' id='word_1_275' title='bbox 1350 5101 1541 5164; x_wconf 70' lang='lat' dir='ltr'><strong>occiderintl.</strong></span> 
     </span>
    </p>

    <p class='ocr_par' dir='ltr' id='par_1_40' title="bbox 1233 5211 1634 5473">
     <span class='ocr_line' id='line_1_89' title="bbox 1276 5211 1634 5285; baseline -0.003 -18"><span class='ocrx_word' id='word_1_276' title='bbox 1276 5212 1325 5267; x_wconf 89' lang='lat'><strong>31.</strong></span> <span class='ocrx_word' id='word_1_277' title='bbox 1349 5211 1422 5285; x_wconf 89' lang='grc'><strong>(30).</strong></span> <span class='ocrx_word' id='word_1_278' title='bbox 1447 5213 1493 5268; x_wconf 88' lang='lat' dir='ltr'><strong>De</strong></span> <span class='ocrx_word' id='word_1_279' title='bbox 1516 5229 1561 5280; x_wconf 92' lang='lat' dir='ltr'><strong>eo,</strong></span> <span class='ocrx_word' id='word_1_280' title='bbox 1585 5211 1634 5283; x_wconf 90' lang='lat' dir='ltr'><strong>qui</strong></span> 
     </span>
     <span class='ocr_line' id='line_1_90' title="bbox 1233 5307 1634 5388; baseline 0 -20"><span class='ocrx_word' id='word_1_281' title='bbox 1233 5313 1263 5368; x_wconf 88' lang='lat' dir='ltr'><strong>in</strong></span> <span class='ocrx_word' id='word_1_282' title='bbox 1293 5307 1393 5369; x_wconf 79' lang='lat' dir='ltr'><strong>curtei</strong></span> <span class='ocrx_word' id='word_1_283' title='bbox 1425 5313 1503 5388; x_wconf 87' lang='lat' dir='ltr'><strong>regis</strong></span> <span class='ocrx_word' id='word_1_284' title='bbox 1528 5313 1634 5369; x_wconf 82' lang='lat' dir='ltr'><strong>lurtum</strong></span> 
     </span>
     <span class='ocr_line' id='line_1_91' title="bbox 1234 5407 1417 5473; baseline -0.005 0"><span class='ocrx_word' id='word_1_285' title='bbox 1234 5407 1417 5473; x_wconf 83' lang='lat' dir='ltr'><strong>commiserit.</strong></span> 
     </span>
    </p>
   </div>
   <div class='ocr_carea' id='block_1_30' title="bbox 1905 694 2264 847">
    <p class='ocr_par' dir='ltr' id='par_1_41' title="bbox 1905 694 2264 847">
     <span class='ocr_line' id='line_1_92' title="bbox 2028 694 2100 747; baseline 0.056 -5"><span class='ocrx_word' id='word_1_286' title='bbox 2028 694 2053 746; x_wconf 80' lang='grc'><strong>6.</strong></span> <span class='ocrx_word' id='word_1_287' title='bbox 2075 695 2100 747; x_wconf 82' lang='lat' dir='ltr'><strong>I.</strong></span> 
     </span>
     <span class='ocr_line' id='line_1_93' title="bbox 1905 789 2264 847; baseline 0.014 -5"><span class='ocrx_word' id='word_1_288' title='bbox 1905 789 1953 844; x_wconf 91' lang='lat'>20.</span> <span class='ocrx_word' id='word_1_289' title='bbox 1977 791 2022 846; x_wconf 93' lang='lat' dir='ltr'><strong>Dc</strong></span> <span class='ocrx_word' id='word_1_290' title='bbox 2044 790 2132 845; x_wconf 90' lang='lat' dir='ltr'><strong>rebus</strong></span> <span class='ocrx_word' id='word_1_291' title='bbox 2154 791 2264 847; x_wconf 83' lang='lat' dir='ltr'><strong>accele-</strong></span> 
     </span>
    </p>
   </div>
   <div class='ocr_carea' id='block_1_31' title="bbox 1862 892 2265 1051">
    <p class='ocr_par' dir='ltr' id='par_1_42' title="bbox 1862 892 2265 1051">
     <span class='ocr_line' id='line_1_94' title="bbox 1862 892 2265 950; baseline 0.005 -3"><span class='ocrx_word' id='word_1_292' title='bbox 1862 893 1924 948; x_wconf 86' lang='lat' dir='ltr'><strong>sise</strong></span> <span class='ocrx_word' id='word_1_293' title='bbox 1951 892 2116 948; x_wconf 80' lang='lat' dir='ltr'><strong>nullatenus</strong></span> <span class='ocrx_word' id='word_1_294' title='bbox 2138 894 2265 950; x_wconf 82' lang='lat' dir='ltr'><strong>venden-</strong></span> 
     </span>
     <span class='ocr_line' id='line_1_95' title="bbox 1863 996 1916 1051; baseline 0.019 -1"><span class='ocrx_word' id='word_1_295' title='bbox 1863 996 1916 1051; x_wconf 85' lang='lat' dir='ltr'><strong>dis.</strong></span> 
     </span>
    </p>
   </div>
   <div class='ocr_carea' id='block_1_32' title="bbox 1863 1201 2263 1378">
    <p class='ocr_par' dir='ltr' id='par_1_43' title="bbox 1863 1201 2263 1378">
     <span class='ocr_line' id='line_1_96' title="bbox 1905 1201 2263 1274; baseline 0.006 -17"><span class='ocrx_word' id='word_1_296' title='bbox 1905 1201 1955 1257; x_wconf 88' lang='grc'><strong>21.</strong></span> <span class='ocrx_word' id='word_1_297' title='bbox 1981 1202 2026 1257; x_wconf 90' lang='lat' dir='ltr'><strong>Do</strong></span> <span class='ocrx_word' id='word_1_298' title='bbox 2047 1201 2177 1274; x_wconf 80' lang='lat' dir='ltr'><strong>fugitivis</strong></span> <span class='ocrx_word' id='word_1_299' title='bbox 2200 1221 2263 1258; x_wconf 82' lang='lat' dir='ltr'><strong>cee-</strong></span> 
     </span>
     <span class='ocr_line' id='line_1_97' title="bbox 1863 1304 2152 1378; baseline 0.007 -20"><span class='ocrx_word' id='word_1_300' title='bbox 1863 1304 1969 1360; x_wconf 83' lang='lat' dir='ltr'><strong>clesice</strong></span> <span class='ocrx_word' id='word_1_301' title='bbox 1991 1305 2152 1378; x_wconf 76' lang='lat' dir='ltr'><strong>mancipiis.</strong></span> 
     </span>
    </p>
   </div>
   <div class='ocr_carea' id='block_1_33' title="bbox 1862 1511 2264 1670">
    <p class='ocr_par' dir='ltr' id='par_1_44' title="bbox 1862 1511 2264 1670">
     <span class='ocr_line' id='line_1_98' title="bbox 1906 1511 2264 1567; baseline 0 -1"><span class='ocrx_word' id='word_1_302' title='bbox 1906 1511 1954 1566; x_wconf 90' lang='lat'><strong>22.</strong></span> <span class='ocrx_word' id='word_1_303' title='bbox 1977 1512 2022 1567; x_wconf 89' lang='lat' dir='ltr'><strong>De</strong></span> <span class='ocrx_word' id='word_1_304' title='bbox 2038 1511 2199 1567; x_wconf 78' lang='lat' dir='ltr'><strong>eecclesiae</strong></span> <span class='ocrx_word' id='word_1_305' title='bbox 2214 1511 2264 1566; x_wconf 91' lang='lat' dir='ltr'><strong>tri·</strong></span> 
     </span>
     <span class='ocr_line' id='line_1_99' title="bbox 1862 1614 2100 1670; baseline 0.004 -2"><span class='ocrx_word' id='word_1_306' title='bbox 1862 1614 1940 1668; x_wconf 88' lang='lat' dir='ltr'><strong>bntis</strong></span> <span class='ocrx_word' id='word_1_307' title='bbox 1963 1632 1981 1670; x_wconf 86' lang='lat' dir='ltr'><strong>s</strong></span> <span class='ocrx_word' id='word_1_308' title='bbox 2002 1615 2100 1670; x_wconf 82' lang='lat' dir='ltr'><strong>servis.</strong></span> 
     </span>
    </p>
   </div>
   <div class='ocr_carea' id='block_1_34' title="bbox 1862 1819 2264 1979">
    <p class='ocr_par' dir='ltr' id='par_1_45' title="bbox 1862 1819 2264 1979">
     <span class='ocr_line' id='line_1_100' title="bbox 1905 1819 2264 1875; baseline 0.003 -1"><span class='ocrx_word' id='word_1_309' title='bbox 1905 1819 1954 1875; x_wconf 89' lang='grc'><strong>23.</strong></span> <span class='ocrx_word' id='word_1_310' title='bbox 1976 1820 2022 1874; x_wconf 91' lang='lat' dir='ltr'><strong>De</strong></span> <span class='ocrx_word' id='word_1_311' title='bbox 2038 1819 2199 1875; x_wconf 80' lang='lat' dir='ltr'><strong>eecclesiae</strong></span> <span class='ocrx_word' id='word_1_312' title='bbox 2215 1820 2264 1875; x_wconf 91' lang='lat' dir='ltr'><strong>tri·</strong></span> 
     </span>
     <span class='ocr_line' id='line_1_101' title="bbox 1862 1921 2122 1979; baseline 0.004 -3"><span class='ocrx_word' id='word_1_313' title='bbox 1862 1921 1939 1977; x_wconf 86' lang='lat' dir='ltr'><strong>lmtis</strong></span> <span class='ocrx_word' id='word_1_314' title='bbox 1962 1940 1980 1978; x_wconf 89' lang='lat' dir='ltr'><strong>s</strong></span> <span class='ocrx_word' id='word_1_315' title='bbox 2002 1923 2122 1979; x_wconf 88' lang='lat' dir='ltr'><strong>colonis.</strong></span> 
     </span>
    </p>
   </div>
   <div class='ocr_carea' id='block_1_35' title="bbox 1862 2329 2263 2506">
    <p class='ocr_par' dir='ltr' id='par_1_46' title="bbox 1862 2329 2263 2506">
     <span class='ocr_line' id='line_1_102' title="bbox 1904 2329 2263 2402; baseline 0 -16"><span class='ocrx_word' id='word_1_316' title='bbox 1904 2330 1953 2386; x_wconf 89' lang='grc'><strong>24.</strong></span> <span class='ocrx_word' id='word_1_317' title='bbox 1986 2331 2031 2386; x_wconf 90' lang='lat' dir='ltr'><strong>De</strong></span> <span class='ocrx_word' id='word_1_318' title='bbox 2055 2329 2159 2400; x_wconf 76' lang='lat' dir='ltr'><strong>causis,</strong></span> <span class='ocrx_word' id='word_1_319' title='bbox 2189 2348 2263 2402; x_wconf 80' lang='lat' dir='ltr'><strong>quse</strong></span> 
     </span>
     <span class='ocr_line' id='line_1_103' title="bbox 1862 2427 2222 2506; baseline 0 -18"><span class='ocrx_word' id='word_1_320' title='bbox 1862 2434 1899 2488; x_wconf 85' lang='lat' dir='ltr'><strong>ad</strong></span> <span class='ocrx_word' id='word_1_321' title='bbox 1921 2434 2023 2488; x_wconf 89' lang='lat' dir='ltr'><strong>ducem</strong></span> <span class='ocrx_word' id='word_1_322' title='bbox 2044 2427 2222 2506; x_wconf 60' lang='lat' dir='ltr'><strong>pertinenti.</strong></span> 
     </span>
    </p>
   </div>
   <div class='ocr_carea' id='block_1_36' title="bbox 1859 2844 2262 3104">
    <p class='ocr_par' dir='ltr' id='par_1_47' title="bbox 1859 2844 2262 3104">
     <span class='ocr_line' id='line_1_104' title="bbox 1902 2844 2262 2915; baseline 0 -17"><span class='ocrx_word' id='word_1_323' title='bbox 1902 2844 1951 2898; x_wconf 91' lang='grc'><strong>25.</strong></span> <span class='ocrx_word' id='word_1_324' title='bbox 1974 2844 2020 2898; x_wconf 90' lang='lat' dir='ltr'><strong>Dc</strong></span> <span class='ocrx_word' id='word_1_325' title='bbox 2035 2861 2080 2912; x_wconf 89' lang='lat' dir='ltr'><strong>eo,</strong></span> <span class='ocrx_word' id='word_1_326' title='bbox 2105 2844 2154 2915; x_wconf 89' lang='lat' dir='ltr'><strong>qni</strong></span> <span class='ocrx_word' id='word_1_327' title='bbox 2170 2848 2262 2898; x_wconf 82' lang='lat' dir='ltr'><strong>extre-</strong></span> 
     </span>
     <span class='ocr_line' id='line_1_105' title="bbox 1859 2945 2261 3018; baseline 0 -16"><span class='ocrx_word' id='word_1_328' title='bbox 1859 2964 1930 3002; x_wconf 90' lang='lat' dir='ltr'><strong>necs</strong></span> <span class='ocrx_word' id='word_1_329' title='bbox 1973 2945 2049 3001; x_wconf 85' lang='lat' dir='ltr'><strong>intra</strong></span> <span class='ocrx_word' id='word_1_330' title='bbox 2084 2946 2261 3018; x_wconf 76' lang='lat' dir='ltr'><strong>provinciam</strong></span> 
     </span>
     <span class='ocr_line' id='line_1_106' title="bbox 1859 3049 2033 3104; baseline 0.011 -2"><span class='ocrx_word' id='word_1_331' title='bbox 1859 3049 2033 3104; x_wconf 76' lang='lat' dir='ltr'><strong>invitaverit.</strong></span> 
     </span>
    </p>
   </div>
   <div class='ocr_carea' id='block_1_37' title="bbox 1860 3255 2260 3828">
    <p class='ocr_par' dir='ltr' id='par_1_48' title="bbox 1861 3255 2260 3518">
     <span class='ocr_line' id='line_1_107' title="bbox 1903 3255 2260 3327; baseline 0 -17"><span class='ocrx_word' id='word_1_332' title='bbox 1903 3256 1952 3310; x_wconf 91' lang='grc'><strong>26.</strong></span> <span class='ocrx_word' id='word_1_333' title='bbox 1985 3257 2030 3311; x_wconf 90' lang='lat' dir='ltr'><strong>De</strong></span> <span class='ocrx_word' id='word_1_334' title='bbox 2062 3255 2116 3325; x_wconf 84' lang='lat' dir='ltr'><strong>his,</strong></span> <span class='ocrx_word' id='word_1_335' title='bbox 2151 3255 2200 3327; x_wconf 89' lang='lat' dir='ltr'><strong>qui</strong></span> <span class='ocrx_word' id='word_1_336' title='bbox 2232 3255 2260 3310; x_wconf 92' lang='lat' dir='ltr'><strong>in</strong></span> 
     </span>
     <span class='ocr_line' id='line_1_108' title="bbox 1861 3358 2260 3414; baseline -0.005 0"><span class='ocrx_word' id='word_1_337' title='bbox 1861 3359 1987 3414; x_wconf 87' lang='lat' dir='ltr'><strong>exercitu</strong></span> <span class='ocrx_word' id='word_1_338' title='bbox 2022 3358 2104 3414; x_wconf 89' lang='lat' dir='ltr'><strong>litem</strong></span> <span class='ocrx_word' id='word_1_339' title='bbox 2146 3358 2260 3413; x_wconf 88' lang='lat' dir='ltr'><strong>commi·</strong></span> 
     </span>
     <span class='ocr_line' id='line_1_109' title="bbox 1862 3462 1960 3518; baseline 0.01 -1"><span class='ocrx_word' id='word_1_340' title='bbox 1862 3462 1960 3518; x_wconf 86' lang='lat' dir='ltr'><strong>serint.</strong></span> 
     </span>
    </p>

    <p class='ocr_par' dir='ltr' id='par_1_49' title="bbox 1860 3563 2260 3828">
     <span class='ocr_line' id='line_1_110' title="bbox 1904 3563 2260 3637; baseline -0.008 -16"><span class='ocrx_word' id='word_1_341' title='bbox 1904 3567 1953 3621; x_wconf 81' lang='lat'>27.</span> <span class='ocrx_word' id='word_1_342' title='bbox 1986 3566 2032 3621; x_wconf 89' lang='lat' dir='ltr'><strong>De</strong></span> <span class='ocrx_word' id='word_1_343' title='bbox 2061 3565 2115 3634; x_wconf 87' lang='lat' dir='ltr'><strong>his,</strong></span> <span class='ocrx_word' id='word_1_344' title='bbox 2150 3564 2199 3637; x_wconf 87' lang='lat' dir='ltr'><strong>qni</strong></span> <span class='ocrx_word' id='word_1_345' title='bbox 2232 3563 2260 3618; x_wconf 92' lang='lat' dir='ltr'><strong>in</strong></span> 
     </span>
     <span class='ocr_line' id='line_1_111' title="bbox 1862 3667 2260 3724; baseline -0.008 0"><span class='ocrx_word' id='word_1_346' title='bbox 1862 3669 1989 3724; x_wconf 88' lang='lat' dir='ltr'><strong>exercitu</strong></span> <span class='ocrx_word' id='word_1_347' title='bbox 2032 3669 2139 3724; x_wconf 83' lang='lat' dir='ltr'><strong>lurtum</strong></span> <span class='ocrx_word' id='word_1_348' title='bbox 2184 3667 2260 3722; x_wconf 82' lang='lat' dir='ltr'><strong>lece-</strong></span> 
     </span>
     <span class='ocr_line' id='line_1_112' title="bbox 1860 3765 1947 3828; baseline 0 0"><span class='ocrx_word' id='word_1_349' title='bbox 1860 3765 1947 3828; x_wconf 90' lang='lat' dir='ltr'><strong>rint¹.</strong></span> 
     </span>
    </p>
   </div>
   <div class='ocr_carea' id='block_1_38' title="bbox 1860 4077 2262 4253">
    <p class='ocr_par' dir='ltr' id='par_1_50' title="bbox 1860 4077 2262 4253">
     <span class='ocr_line' id='line_1_113' title="bbox 1904 4077 2262 4150; baseline -0.011 -16"><span class='ocrx_word' id='word_1_350' title='bbox 1904 4079 1952 4134; x_wconf 87' lang='lat'>28.</span> <span class='ocrx_word' id='word_1_351' title='bbox 1965 4080 2011 4134; x_wconf 91' lang='lat' dir='ltr'><strong>De</strong></span> <span class='ocrx_word' id='word_1_352' title='bbox 2020 4077 2073 4147; x_wconf 86' lang='lat' dir='ltr'><strong>his,</strong></span> <span class='ocrx_word' id='word_1_353' title='bbox 2087 4077 2136 4149; x_wconf 87' lang='lat' dir='ltr'><strong>qui</strong></span> <span class='ocrx_word' id='word_1_354' title='bbox 2148 4077 2262 4150; x_wconf 85' lang='lat' dir='ltr'><strong>signnm</strong></span> 
     </span>
     <span class='ocr_line' id='line_1_114' title="bbox 1860 4179 2198 4253; baseline -0.006 -16"><span class='ocrx_word' id='word_1_355' title='bbox 1860 4181 1986 4237; x_wconf 87' lang='lat' dir='ltr'><strong>indicum</strong></span> <span class='ocrx_word' id='word_1_356' title='bbox 2008 4179 2198 4253; x_wconf 83' lang='lat' dir='ltr'><strong>neglexerint.</strong></span> 
     </span>
    </p>
   </div>
   <div class='ocr_carea' id='block_1_39' title="bbox 1904 4385 2262 4443">
    <p class='ocr_par' dir='ltr' id='par_1_51' title="bbox 1904 4385 2262 4443">
     <span class='ocr_line' id='line_1_115' title="bbox 1904 4385 2262 4443; baseline -0.011 0"><span class='ocrx_word' id='word_1_357' title='bbox 1904 4388 1952 4443; x_wconf 87' lang='lat'>29.</span> <span class='ocrx_word' id='word_1_358' title='bbox 1982 4388 2027 4443; x_wconf 89' lang='lat' dir='ltr'><strong>De</strong></span> <span class='ocrx_word' id='word_1_359' title='bbox 2052 4385 2209 4440; x_wconf 89' lang='lat' dir='ltr'><strong>homicidio</strong></span> <span class='ocrx_word' id='word_1_360' title='bbox 2232 4386 2262 4440; x_wconf 91' lang='lat' dir='ltr'><strong>in</strong></span> 
     </span>
    </p>
   </div>
   <div class='ocr_carea' id='block_1_40' title="bbox 1860 4489 2263 4649">
    <p class='ocr_par' dir='ltr' id='par_1_52' title="bbox 1860 4489 2263 4649">
     <span class='ocr_line' id='line_1_116' title="bbox 1861 4489 2263 4545; baseline -0.002 0"><span class='ocrx_word' id='word_1_361' title='bbox 1861 4495 1942 4545; x_wconf 85' lang='lat' dir='ltr'><strong>curte</strong></span> <span class='ocrx_word' id='word_1_362' title='bbox 1964 4489 2045 4544; x_wconf 88' lang='lat' dir='ltr'><strong>ducis</strong></span> <span class='ocrx_word' id='word_1_363' title='bbox 2068 4495 2117 4544; x_wconf 87' lang='lat' dir='ltr'><strong>ent</strong></span> <span class='ocrx_word' id='word_1_364' title='bbox 2138 4489 2209 4544; x_wconf 86' lang='lat' dir='ltr'><strong>foris</strong></span> <span class='ocrx_word' id='word_1_365' title='bbox 2232 4489 2263 4544; x_wconf 90' lang='lat' dir='ltr'><strong>in</strong></span> 
     </span>
     <span class='ocr_line' id='line_1_117' title="bbox 1860 4592 2072 4649; baseline -0.009 -1"><span class='ocrx_word' id='word_1_366' title='bbox 1860 4594 1963 4649; x_wconf 86' lang='lat' dir='ltr'><strong>itincre</strong></span> <span class='ocrx_word' id='word_1_367' title='bbox 1984 4592 2072 4648; x_wconf 82' lang='lat' dir='ltr'><strong>lecto.</strong></span> 
     </span>
    </p>
   </div>
   <div class='ocr_carea' id='block_1_41' title="bbox 1860 4898 2263 5075">
    <p class='ocr_par' dir='ltr' id='par_1_53' title="bbox 1860 4898 2263 5075">
     <span class='ocr_line' id='line_1_118' title="bbox 1903 4898 2263 4956; baseline -0.003 -2"><span class='ocrx_word' id='word_1_368' title='bbox 1903 4900 1952 4956; x_wconf 88' lang='grc'><strong>30.</strong></span> <span class='ocrx_word' id='word_1_369' title='bbox 1985 4901 2030 4955; x_wconf 88' lang='lat' dir='ltr'><strong>De</strong></span> <span class='ocrx_word' id='word_1_370' title='bbox 2059 4898 2152 4954; x_wconf 87' lang='lat' dir='ltr'><strong>missis</strong></span> <span class='ocrx_word' id='word_1_371' title='bbox 2181 4899 2263 4954; x_wconf 86' lang='lat' dir='ltr'><strong>ducis</strong></span> 
     </span>
     <span class='ocr_line' id='line_1_119' title="bbox 1860 5002 2261 5075; baseline -0.005 -17"><span class='ocrx_word' id='word_1_372' title='bbox 1860 5002 2132 5075; x_wconf 85' lang='lat' dir='ltr'><strong>intrs&#39;provincism</strong></span> <span class='ocrx_word' id='word_1_373' title='bbox 2148 5003 2261 5057; x_wconf 87' lang='lat' dir='ltr'><strong>occisis.</strong></span> 
     </span>
    </p>
   </div>
   <div class='ocr_carea' id='block_1_42' title="bbox 1859 5205 2260 5384">
    <p class='ocr_par' dir='ltr' id='par_1_54' title="bbox 1859 5205 2260 5384">
     <span class='ocr_line' id='line_1_120' title="bbox 1902 5205 2260 5263; baseline -0.008 0"><span class='ocrx_word' id='word_1_374' title='bbox 1902 5208 1952 5263; x_wconf 87' lang='lat'>31.</span> <span class='ocrx_word' id='word_1_375' title='bbox 1974 5209 2020 5262; x_wconf 91' lang='lat' dir='ltr'><strong>De</strong></span> <span class='ocrx_word' id='word_1_376' title='bbox 2035 5206 2119 5262; x_wconf 86' lang='lat' dir='ltr'><strong>furtis</strong></span> <span class='ocrx_word' id='word_1_377' title='bbox 2134 5205 2164 5260; x_wconf 86' lang='lat' dir='ltr'><strong>in</strong></span> <span class='ocrx_word' id='word_1_378' title='bbox 2179 5213 2260 5261; x_wconf 86' lang='lat' dir='ltr'><strong>curte</strong></span> 
     </span>
     <span class='ocr_line' id='line_1_121' title="bbox 1859 5309 2051 5384; baseline -0.005 -19"><span class='ocrx_word' id='word_1_379' title='bbox 1859 5310 1936 5384; x_wconf 82' lang='lat' dir='ltr'><strong>regis</strong></span> <span class='ocrx_word' id='word_1_380' title='bbox 1957 5309 2051 5366; x_wconf 79' lang='lat' dir='ltr'><strong>fectis.</strong></span> 
     </span>
    </p>
   </div>
   <div class='ocr_carea' id='block_1_43' title="bbox 258 5577 2262 5839">
    <p class='ocr_par' dir='ltr' id='par_1_55' title="bbox 258 5577 2262 5839">
     <span class='ocr_line' id='line_1_122' title="bbox 368 5577 2261 5670; baseline -0.004 -16"><span class='ocrx_word' id='word_1_381' title='bbox 368 5601 397 5670; x_wconf 74' lang='lat' dir='ltr'><strong>a)</strong></span> <span class='ocrx_word' id='word_1_382' title='bbox 417 5577 538 5669; x_wconf 66' lang='lat' dir='ltr'><strong>saginum</strong></span> <span class='ocrx_word' id='word_1_383' title='bbox 561 5604 583 5652; x_wconf 89' lang='lat'>1.</span> <span class='ocrx_word' id='word_1_384' title='bbox 676 5601 705 5666; x_wconf 79' lang='lat' dir='ltr'><strong>s)</strong></span> <span class='ocrx_word' id='word_1_385' title='bbox 731 5601 818 5651; x_wconf 79' lang='lat' dir='ltr'><strong>nullus</strong></span> <span class='ocrx_word' id='word_1_386' title='bbox 845 5601 908 5652; x_wconf 73' lang='lat' dir='ltr'><strong>ass.</strong></span> <span class='ocrx_word' id='word_1_387' title='bbox 936 5597 974 5652; x_wconf 78' lang='lat'><strong>4¹.</strong></span> <span class='ocrx_word' id='word_1_388' title='bbox 1067 5600 1095 5667; x_wconf 69' lang='grc' dir='ltr'><strong>ο)</strong></span> <span class='ocrx_word' id='word_1_389' title='bbox 1121 5601 1257 5654; x_wconf 79' lang='lat' dir='ltr'><strong>solverunt</strong></span> <span class='ocrx_word' id='word_1_390' title='bbox 1281 5605 1307 5654; x_wconf 76' lang='lat' dir='ltr'><strong>s.</strong></span> <span class='ocrx_word' id='word_1_391' title='bbox 1400 5600 1429 5668; x_wconf 82' lang='lat' dir='ltr'><strong>s)</strong></span> <span class='ocrx_word' id='word_1_392' title='bbox 1456 5602 1617 5669; x_wconf 79' lang='lat' dir='ltr'><strong>dispexerint</strong></span> <span class='ocrx_word' id='word_1_393' title='bbox 1642 5594 1680 5649; x_wconf 65' lang='lat' dir='ltr'><strong>s.</strong></span> <span class='ocrx_word' id='word_1_394' title='bbox 1773 5595 1800 5662; x_wconf 62' lang='grc' dir='ltr'><strong>ο)</strong></span> <span class='ocrx_word' id='word_1_395' title='bbox 1824 5596 1865 5647; x_wconf 79' lang='lat' dir='ltr'><strong>m</strong></span> <span class='ocrx_word' id='word_1_396' title='bbox 1884 5591 1923 5646; x_wconf 64' lang='grc' dir='ltr'><strong>ι’.</strong></span> <span class='ocrx_word' id='word_1_397' title='bbox 2015 5597 2037 5660; x_wconf 80' lang='lat' dir='ltr'><strong>r)</strong></span> <span class='ocrx_word' id='word_1_398' title='bbox 2063 5597 2195 5648; x_wconf 67' lang='lat' dir='ltr'><strong>sananim</strong></span> <span class='ocrx_word' id='word_1_399' title='bbox 2221 5591 2261 5646; x_wconf 76' lang='lat'>4⁸.</span> 
     </span>
     <span class='ocr_line' id='line_1_123' title="bbox 259 5687 2262 5760; baseline -0.002 -16"><span class='ocrx_word' id='word_1_400' title='bbox 259 5695 290 5760; x_wconf 81' lang='lat' dir='ltr'><strong>g)</strong></span> <span class='ocrx_word' id='word_1_401' title='bbox 309 5695 349 5745; x_wconf 82' lang='lat' dir='ltr'><strong>ito</strong></span> <span class='ocrx_word' id='word_1_402' title='bbox 368 5691 413 5759; x_wconf 77' lang='lat' dir='ltr'><strong>t⁸;</strong></span> <span class='ocrx_word' id='word_1_403' title='bbox 433 5695 580 5746; x_wconf 84' lang='lat' dir='ltr'><strong>occiderint</strong></span> <span class='ocrx_word' id='word_1_404' title='bbox 598 5696 625 5744; x_wconf 83' lang='lat'>4.</span> <span class='ocrx_word' id='word_1_405' title='bbox 709 5693 738 5759; x_wconf 90' lang='lat' dir='ltr'><strong>h)</strong></span> <span class='ocrx_word' id='word_1_406' title='bbox 758 5693 885 5745; x_wconf 84' lang='lat' dir='ltr'><strong>occiderit</strong></span> <span class='ocrx_word' id='word_1_407' title='bbox 903 5689 941 5744; x_wconf 76' lang='lat'><strong>4‘.</strong></span> <span class='ocrx_word' id='word_1_408' title='bbox 1033 5693 1055 5759; x_wconf 89' lang='lat' dir='ltr'><strong>i)</strong></span> <span class='ocrx_word' id='word_1_409' title='bbox 1075 5699 1174 5745; x_wconf 86' lang='lat' dir='ltr'><strong>curtem</strong></span> <span class='ocrx_word' id='word_1_410' title='bbox 1193 5690 1232 5746; x_wconf 78' lang='lat'>4⁸.</span> <span class='ocrx_word' id='word_1_411' title='bbox 1320 5693 1350 5758; x_wconf 83' lang='lat' dir='ltr'><strong>k)</strong></span> <span class='ocrx_word' id='word_1_412' title='bbox 1370 5694 1439 5746; x_wconf 81' lang='lat' dir='ltr'><strong>tanc</strong></span> <span class='ocrx_word' id='word_1_413' title='bbox 1457 5692 1591 5744; x_wconf 67' lang='lat' dir='ltr'><strong>rubricam</strong></span> <span class='ocrx_word' id='word_1_414' title='bbox 1611 5694 1626 5742; x_wconf 84' lang='lat' dir='ltr'>&#39;I</span> <span class='ocrx_word' id='word_1_415' title='bbox 1646 5691 1725 5742; x_wconf 82' lang='lat' dir='ltr'><strong>etiam</strong></span> <span class='ocrx_word' id='word_1_416' title='bbox 1743 5688 1770 5740; x_wconf 78' lang='lat' dir='ltr'><strong>s&#39;n</strong></span> <span class='ocrx_word' id='word_1_417' title='bbox 1791 5696 1863 5741; x_wconf 66' lang='lat' dir='ltr'><strong>lente</strong></span> <span class='ocrx_word' id='word_1_418' title='bbox 1882 5687 1965 5740; x_wconf 73' lang='lat' dir='ltr'><strong>tabet.</strong></span> <span class='ocrx_word' id='word_1_419' title='bbox 2058 5691 2078 5752; x_wconf 91' lang='lat' dir='ltr'><strong>l)</strong></span> <span class='ocrx_word' id='word_1_420' title='bbox 2097 5690 2138 5740; x_wconf 87' lang='lat' dir='ltr'><strong>De</strong></span> <span class='ocrx_word' id='word_1_421' title='bbox 2157 5689 2198 5740; x_wconf 86' lang='lat' dir='ltr'><strong>his</strong></span> <span class='ocrx_word' id='word_1_422' title='bbox 2218 5689 2262 5760; x_wconf 83' lang='lat' dir='ltr'><strong>qni</strong></span> 
     </span>
     <span class='ocr_line' id='line_1_124' title="bbox 258 5784 1115 5839; baseline -0.001 -1"><span class='ocrx_word' id='word_1_423' title='bbox 258 5788 286 5838; x_wconf 86' lang='lat' dir='ltr'><strong>in</strong></span> <span class='ocrx_word' id='word_1_424' title='bbox 306 5789 422 5839; x_wconf 85' lang='lat' dir='ltr'><strong>exercitu</strong></span> <span class='ocrx_word' id='word_1_425' title='bbox 440 5789 486 5838; x_wconf 88' lang='lat' dir='ltr'><strong>ubi</strong></span> <span class='ocrx_word' id='word_1_426' title='bbox 504 5804 550 5838; x_wconf 85' lang='lat' dir='ltr'><strong>rex</strong></span> <span class='ocrx_word' id='word_1_427' title='bbox 569 5788 729 5838; x_wconf 80' lang='lat' dir='ltr'><strong>ordinaverit</strong></span> <span class='ocrx_word' id='word_1_428' title='bbox 747 5787 890 5837; x_wconf 84' lang='lat' dir='ltr'><strong>exercitum</strong></span> <span class='ocrx_word' id='word_1_429' title='bbox 910 5785 934 5836; x_wconf 79' lang='grc' dir='ltr'><strong>θ.</strong></span> <span class='ocrx_word' id='word_1_430' title='bbox 952 5784 967 5832; x_wconf 82' lang='grc'><strong>7</strong></span> <span class='ocrx_word' id='word_1_431' title='bbox 986 5785 1016 5836; x_wconf 79' lang='lat' dir='ltr'><strong>ic</strong></span> <span class='ocrx_word' id='word_1_432' title='bbox 1035 5791 1115 5838; x_wconf 77' lang='lat' dir='ltr'><strong>textu.</strong></span> 
     </span>
    </p>
   </div>
   <div class='ocr_carea' id='block_1_44' title="bbox 0 0 2324 6420">
    <p class='ocr_par' dir='ltr' id='par_1_56' title="bbox 0 0 2324 6420">
     <span class='ocr_line' id='line_1_125' title="bbox 0 0 2324 6420; baseline 0 0"><span class='ocrx_word' id='word_1_433' title='bbox 0 0 2324 6420; x_wconf 95' lang='lat' dir='ltr'><strong> </strong></span> 
     </span>
    </p>
   </div>
  </div>
 </body>
</html>
