4634 6420
496 460 558 519 133
694 429 700 442 ’
946 459 1028 516 Lex
1050 445 1373 516 3003313300.
1391 485 1432 494 -
1455 453 1706 515 3030οΑ013.

401 701 402 704 .
494 656 524 714 30
545 648 763 714 aestimandos
785 647 906 713 codices
928 645 1044 713 summi
1067 653 1142 713 suut
1165 645 1324 724 momenti,
1353 645 1391 710 in
1412 644 1605 728 srapmeutis
1627 642 1661 709 Β
1684 645 1805 710 otmunt.
1857 642 1907 724 Os.
1934 645 1988 709 ‘N.
2013 643 2150 710 Archiv’

494 754 692 834 XXXVII,
711 778 746 839 p.
764 760 840 820 445.

606 861 670 943 Qui
692 861 812 927 codices
830 881 899 926 eum
918 884 939 926 a
958 859 1085 926 meliore
1105 859 1204 926 300333
1224 879 1290 924 030
1312 859 1405 924 valde
1427 859 1597 924 abhorrere
1619 857 1800 938 videantur,
1825 857 1943 924 mirum
1965 857 2001 922 00
2022 859 2150 924 modum

494 968 583 1034 iuter
604 974 769 1050 00000003
792 968 923 1034 classem
941 966 1040 1050 positi
1062 971 1137 1032 sunt
1160 972 1224 1032 tres
1246 965 1367 1031 codices
1388 971 1570 1047 sequentes:

604 1082 662 1163 37)
691 1082 796 1150 Codex
809 1084 1066 1149 merubranaoeus
1081 1105 1107 1148 3.
1121 1081 1158 1147 X
1171 1081 1314 1148 00300003
1329 1079 1455 1146 archivi
1472 1079 1620 1146 ecclesiae
1638 1078 1833 1145 cathedralis
1848 1079 2151 1164 Eporediensis
2169 1105 2182 1145 3

496 1211 546 1254 00.
568 1197 609 1254 33
634 1190 692 1270 (=
709 1190 800 1275 Ep),
833 1190 871 1254 de
901 1209 960 1271 000
983 1189 1110 1254 Merkel
1133 1190 1153 1254 0.
1178 1188 1199 1253 0.
1217 1211 1253 1273 p.
1272 1193 1346 1266 547,
1379 1185 1483 1267 Ρ3000,
1509 1186 1779 1270 ‘Abhandlunpeu
1808 1188 1867 1251 der
1888 1187 1949 1270 kpl.
1974 1186 2152 1251 Akaderuie

496 1299 553 1362 cler
580 1295 853 1375 Wisseuschatlen
882 1317 923 1362 00
944 1294 1081 1362 Berliu’
1100 1301 1194 1376 1857,
1220 1317 1256 1378 p.
1273 1301 1326 1360 80.
1352 1300 1394 1359 85
1418 1314 1474 1359 neo
1497 1314 1561 1358 nan
1583 1293 1748 1358 Amadum
1771 1293 1897 1376 Peyron
1921 1293 2064 1358 ‘Notier'e
2090 1293 2154 1358 dell

497 1402 640 1469 archivio
663 1403 713 1468 del
734 1402 996 1468 revuendrssimc
1020 1401 1153 1486 capitolo
1176 1401 1311 1468 d'Ivrea
1335 1407 1405 1466 tortu
1430 1400 1530 1481 VIII,
1549 1420 1585 1481 p.
1602 1403 1655 1480 20,
1682 1405 1766 1465 1843
1797 1405 1827 1466 30
1856 1421 1910 1484 303
1934 1400 1991 1465 ‘N.
2013 1399 2152 1466 Archiv’

500 1509 612 1575 XXX
620 1509 700 1587 VII,
720 1531 755 1593 p.
772 1514 895 1591 44030.
919 1508 1138 1574 disseruimus.
1191 1507 1255 1590 Qui
1281 1508 1378 1573 codex
1399 1525 1591 1588 0000300000
1614 1506 1652 1570 00
1673 1505 1858 1571 universum
1879 1507 2035 1572 secundae
2057 1506 2154 1572 300330

393 1621 396 1628 ’
498 1622 544 1682 330
567 1617 836 1697 adnumerandus,
865 1621 971 1681 tamen
994 1615 1168 1698 complures
1197 1614 1342 1680 lectiones
1371 1613 1460 1678 kaud
1487 1613 1685 1696 sperneudas
1715 1612 1857 1678 codicum
1887 1612 2031 1678 03300303
2060 1619 2155 1679 03003
2175 1639 2200 1678 m

498 1722 641 1804 exhibet·
666 1728 740 1806 post
770 1721 965 1788 collationem
988 1721 1228 1787 Merkeliauam
1260 1718 1462 1802 marpiuibus
1490 1719 1675 1803 depravatis
1703 1719 1794 1784 03303
1824 1719 2016 1802 0300000003
2038 1726 2084 1785 est
2107 1719 2155 1784 in·

498 1836 600 1896 sertus
622 1835 652 1895 et
675 1828 802 1894 lacunis
823 1829 935 1893 multis
957 1829 1100 1892 abundat
1121 1827 1236 1910 000003
1259 1832 1365 1893 tentus
1387 1826 1468 1891 lectu
1490 1825 1641 1906 difficilis
1662 1826 1712 1905 fit.
1763 1826 1856 1892 Tales
1878 1827 2013 1892 lacunae
2034 1826 2073 1891 iu
2095 1827 2156 1892 lias

499 1935 638 2002 editione
661 1935 713 2000 his
734 1934 828 2017 300003
851 1934 902 2024 [3.
921 1931 949 2014 .]
971 1933 1211 2017 3000003000ον.

606 2049 664 2131 38)
704 2049 808 2117 Codex
840 2051 1097 2115 membranaceum
1127 2071 1151 2114 s.
1178 2047 1236 2114 IX
1265 2047 1469 2115 bibliothecae
1502 2047 1722 2117 universitatis
1751 2047 2155 2132 buffons-Batavos

501 2157 589 2224 ‘Ood
615 2157 790 2223 Vossianus
812 2156 933 2222 0000003
955 2157 993 2222 00
1016 2163 1127 2239 quarto
1149 2156 1280 2222 u0119’
1305 2156 1364 2237 (=
1382 2155 1443 2236 L).
2169 2181 2200 2220 u

607 2272 666 2355 30)
701 2271 809 2339 Gades:
836 2272 1096 2338 Parisinus
1119 2279 1206 2338 4633
1237 2270 1405 2354 (=1>6),
1433 2273 1557 2353 dequo
1585 2270 1624 2336 d.
1642 2270 1687 2336 Η.
1705 2270 1801 2336 Ρ3000
1822 2261 2155 2354 in'‘Abhandlnnpeu

499 2381 556 2446 der
586 2379 763 2445 Akademie
796 2380 853 2445 der
886 2379 1161 2459 Wissenschafteu
1195 2401 1236 2444 eu
1269 2377 1406 2444 Berlin'
1445 2370 1539 2455 1857,
1569 2399 1604 2460 p.
1629 2383 1767 2442 07-οΘ
1802 2383 1832 2442 30
1865 2377 1901 2450 J.
1925 2377 2053 2444 Merkel
2086 2379 2107 2443 l.
2132 2379 2153 2443 l.

493 2509 527 2570 p.
546 2493 732 2552 535—537
758 2486 988 2552 disseruerunt.
1039 2485 1090 2566 Cf.
1115 2485 1210 2551 etiam
1234 2485 1352 2551 ‘Neues
1375 2484 1511 2550 Archia'
1537 2483 1738 2564 XXXVII,
1757 2506 1792 2567 p.
1811 2490 1885 2549 440.

607 2592 676 2658 Hos
711 2595 788 2658 duos
822 2591 940 2658 codices
974 2592 1081 2658 literis
1114 2592 1190 2657 Aa
1224 2598 1254 2657 et
1286 2591 1360 2656 Al
1397 2590 1573 2674 insipnitcs
1606 2590 1732 2678 Merkel
1765 2589 1810 2668 in,
1838 2595 1926 2656 03000
1960 2591 2154 2670 conficiendo

494 2705 626 2783 praeter
660 2705 775 2765 ceteras
807 2705 843 2764 ut
870 2698 1075 2784 principales
1108 2705 1154 2763 est
1187 2704 1319 2779 3330003,
1353 2717 1544 2780 quampiam
1574 2697 1711 2762 codicem
1733 2697 1792 2762 Al
1817 2696 1886 2780 ipse
1908 2718 1973 2762 nou
2001 2697 2209 2782 inspectum

504 2809 589 2888 eros
610 2809 749 2898 interse
772 2812 843 2871 arte
865 2805 1029 2871 cohaerere
1052 2812 1082 2870 et
1106 2805 1223 2870 multas
1245 2803 1391 2870 lectiones
1414 2810 1444 2870 et
1467 2823 1590 2869 errares
1612 2803 1778 2884 utriusque
1801 2803 1915 2868 classis
1937 2804 2097 2871 continere
2120 2804 2156 2870 in

500 2911 674 2978 0000000333
697 2911 815 2977 ‘Neues
829 2911 965 2977 Archio'
985 2905 1184 2990 XXXVII,
1204 2932 1238 2992 p.
1256 2917 1321 2976 440
1345 2909 1528 2976 0330000003
1550 2910 1773 2976 demonstravi.
1820 2911 1867 2974 At
1892 2909 1929 2974 ki
1951 2911 2012 2976 duo
2035 2912 2157 2977 33300333

500 3041 564 3084 030
581 3025 617 3082 00
631 3017 693 3083 0000
711 3018 897 3084 continuum
915 3017 1054 3083 indicem
1073 3017 1213 3083 omnium
1232 3017 1371 3102 capitum
1389 3017 1490 3083 0333000
1505 3022 1761 3099 anteposuerunt,
1780 3017 1836 3082 sed
1850 3016 1989 3100 siuputis
2004 3018 2156 3100 capitulis

495 3146 604 3207 pauca
633 3125 729 3190 33000
760 3120 941 3205 (rubricas)
972 3125 1177 3203 addiderunt,
1210 3123 1325 3207 000003
1353 3147 1459 3191 eorum
1490 3131 1681 3208 arpumenta
1706 3125 1906 3191 indicuntur.
1957 3127 2156 3208 Quamquam

501 3232 560 3297 bae
582 3231 730 3297 rubricae
752 3231 790 3296 in
812 3237 897 3297 03000
920 3230 1077 3313 mipiuali
1100 3231 1273 3296 certissime
1296 3230 1475 3311 defuerunt,
1503 3238 1609 3297 tamen
1631 3231 1715 3297 mihi
1736 3232 1911 3299 vuisimile
1932 3253 1998 3299 esse
2019 3231 2154 3311 videtur,
2173 3253 2199 3294 0

501 3359 539 3402 eoo
562 3338 617 3403 hoc
638 3359 699 3402 usu
720 3337 859 3422 30000003
882 3336 1042 3421 capitibus
1063 3337 1210 3420 30000003
1232 3337 1380 3404 rubricas
1404 3337 1620 3420 praeficiendi
1644 3345 1754 3422 postea
1783 3339 1990 3405 collectionem
2013 3338 2156 3404 omnium

501 3445 616 3510 harum
639 3428 845 3509 rubricarum
854 3443 1033 3526 profectam
1048 3465 1122 3523 3333,
1146 3465 1227 3527 0003
1249 3451 1286 3509 00
1308 3444 1405 3510 iudea
1427 3443 1621 3510 universalis
1642 3445 1802 3529 incapite
1821 3446 2034 3512 030003033003
2047 3445 2154 3530 posita

501 3557 557 3616 est.
607 3552 698 3632 Quoad
726 3550 778 3615 hic
807 3570 884 3615 0303
914 3550 1014 3616 30000
1039 3550 1077 3615 00
1106 3550 1301 3617 editionibus
1330 3553 1370 3617 ab
1395 3551 1536 3616 Heroldo
1566 3558 1596 3617 et
1623 3552 1707 3617 Titio
1737 3552 1924 3636 conparatis
1953 3557 2156 3617 consumatus

501 3663 554 3738 030,
578 3693 622 3702 -
645 3677 735 3738 0003,
766 3656 845 3738 0000
876 3655 1036 3722 codicibus
1061 3657 1198 3742 30030003
1228 3658 1422 3738 nitebantur,
1454 3679 1518 3724 030
1540 3659 1712 3738 dubitabis,
1736 3694 1780 3704 -
1810 3665 1841 3725 30
1870 3661 1953 3741 quod
1983 3658 2154 3724 editionem

501 3763 602 3846 ipsam
634 3762 738 3845 00003
764 3763 968 3848 perspicuam
998 3763 1122 3844 reddit,
1153 3765 1252 3830 etiam
1282 3765 1320 3830 iu
1350 3765 1410 3829 hoc
1439 3764 1576 3830 editione
1605 3765 1799 3830 adornanda
1827 3765 1968 3848 siupulis
1997 3764 2156 3847 capitibus
2173 3793 2199 3833 0

424 3931 426 3936 .
502 3870 649 3952 30000003
678 3870 826 3936 rubricas
851 3871 1029 3953 praeficere
1059 3870 1143 3936 mihi
1169 3870 1302 3955 placuit,
1335 3892 1527 3954 0000300003
1556 3873 1728 3937 secuudum
1758 3871 1996 3956 dispositionem
2020 3893 2101 3954 0033
2124 3871 2162 3936 00

497 3976 654 4060 plurimis
677 3976 838 4042 codicibus
861 3977 994 4056 obvenit,
1025 3977 1061 4042 00
1084 3978 1186 4060 capite
1210 3977 1306 4043 030003
1336 3977 1415 4061 lepis
1443 3977 1584 4043 iudicem
1612 3979 1790 4060 0303000303
1811 3979 1916 4060 posui.
1969 3978 2019 4058 Os.
2045 3977 2163 4043 ‘Neues

501 4084 637 4151 Arckiv'
665 4083 865 4164 XXXVII,
885 4105 922 4166 p.
940 4090 1004 4150 440
1019 4105 1065 4167 30.

609 4189 796 4274 Separatim
817 4197 893 4255 sunt
914 4191 1125 4257 nominandi:

608 4297 668 4378 40)
708 4297 812 4363 Codes
845 4299 1102 4362 membranaceus
1128 4297 1337 4364 Monacensis
1370 4297 1477 4380 repius
1499 4296 1621 4363 latinus
1645 4303 1741 4376 9053,
1772 4299 1930 4380 quondam
1965 4298 2153 4364 manasterii
2172 4323 2198 4364 0

503 4404 537 4469 S.
562 4402 652 4468 Petri
675 4402 867 4468 Attakae
888 4403 1066 4486 superioris
1090 4400 1148 4481 (=
1165 4403 1268 4486 Alt),·
1294 4426 1333 4469 ea
1354 4425 1438 4486 pars
1460 4403 1578 4470 codicis
1599 4425 1681 4486 0000
1703 4405 1799 4487 03030
1821 4402 2066 4470 Baiuariorum
2090 4426 2152 4470 ecu-

502 4509 589 4589 tiuet,
612 4531 639 4573 s.
659 4509 696 4573 Χ
709 4508 756 4574 in.
781 4509 962 4591 3303300000
984 4516 1037 4574 330.
1090 4509 1140 4589 Cf.
1164 4511 1289 4576 Merkel
1311 4512 1332 4574 0.
1357 4512 1377 4575 0.
1397 4532 1433 4593 p.
1450 4516 1514 4576 565
1527 4532 1573 4593 30.

608 4614 667 4695 41)
707 4612 814 4681 (ledea
835 4617 1092 4682 merubranaceus
1114 4617 1325 4683 Monacensis
1351 4618 1461 4699 030003
1483 4618 1608 4683 latinus
1632 4623 1749 4698 19414,
1778 4619 1936 4700 quondam
1962 4619 2153 4700 Τ30300·

501 4722 713 4789 sacensis
740 4744 791 4787 nr.
811 4728 895 4788 1414
920 4722 978 4805 (--
998 4725 1032 4786 Τ
1039 4720 1086 4803 2),
1110 4724 1168 4805 000
1189 4724 1227 4788 00
1249 4745 1287 4788 30
1305 4730 1401 4806 parte
1424 4746 1503 4806 0003
1525 4745 1551 4788 3.
1574 4723 1637 4788 XI
1654 4723 1834 4808 conscripta
1856 4729 1909 4802 330,
1934 4729 2050 4789 tectum
2072 4723 2152 4806 03003

502 4827 746 4894 Bairoaricrum
768 4831 905 4895 continet
927 4836 956 4894 et
977 4831 1017 4896 ab
1040 4831 1076 4896 J.
1093 4831 1220 4896 Merkel
1243 4831 1264 4896 l.
1289 4832 1309 4896 l.
1329 4855 1364 4915 p.
1383 4836 1445 4894 567
1471 4829 1647 4913 descriptus
1669 4837 1723 4895 330.
2170 4860 2197 4900 n

612 4935 676 5017 Qui
698 4934 816 5001 codices
838 4958 876 5002 ea
899 4957 934 5001 03
956 4960 977 5002 0
1000 4937 1112 5003 3303003
1133 4944 1209 5003 3000
1232 4937 1361 5016 diversi,
1391 4938 1475 5019 quod
1493 4958 1629 5021 proruis
1651 4937 1753 5002 alium
1774 4936 1918 5002 ordinem
1939 4936 2079 5020 capitum
2103 4958 2152 5002 ea-

457 5043 458 5046 ’
501 5042 618 5108 hibent.
670 5043 772 5123 (00003
794 5044 832 5108 ob
854 5063 921 5108 rem
939 5043 1014 5109 Joh.
1032 5044 1159 5111 Merkel
1180 5051 1299 5110 0300000
1322 5043 1488 5126 utriusque
1511 5043 1628 5110 codicis
1649 5043 1687 5108 in
1708 5065 1769 5108 suo
1790 5043 1929 5108 editione
1951 5042 2081 5108 seorsim
2103 5064 2153 5109 33·

497 5149 700 5233 primendum
731 5149 857 5215 curavit
887 5149 975 5231 30003
1001 5171 1113 5216 nauum
1137 5151 1251 5216 ‘tentus
1272 5150 1420 5216 secundi'
1444 5151 1540 5230 dedit,
1575 5152 1632 5216 sed
1663 5150 1741 5216 haec
1774 5149 1937 5216 distinctio
1970 5171 2034 5215 nou
2069 5156 2151 5215 recte

501 5255 583 5320 mihi
604 5254 694 5334 facta
717 5276 783 5322 3333
804 5255 937 5322 videtur.
989 5258 1077 5338 Quae
1111 5257 1317 5340 transpositio
1352 5257 1436 5322 euim
1466 5257 1613 5339 capitum,
1649 5277 1730 5338 0003
1751 5255 1788 5321 00
1810 5263 1940 5338 utroque
1962 5255 2065 5323 3330033
2087 5278 2151 5322 030

501 5369 547 5427 030
567 5363 690 5442 eadem,
721 5385 786 5428 non
808 5364 849 5428 ab
871 5362 996 5446 scipine
1018 5363 1123 5444 facto,
1153 5365 1209 5428 sed
1231 5363 1312 5447 lepis
1333 5363 1447 5429 melius
1469 5364 1684 5446 disponendae
1707 5385 1805 5429 30030
1826 5362 1968 5442 forsitan
1991 5385 2013 5428 a
2035 5363 2151 5428 scribis
2169 5392 2196 5432 0

500 5467 642 5534 codicum
676 5469 824 5534 adhibita
857 5491 922 5535 esse
955 5470 1089 5535 videtur.
1154 5471 1241 5552 Quae
1280 5492 1351 5536 cum
1385 5469 1434 5535 000
1467 5469 1543 5549 sint,
1578 5470 1659 5536 satis
1691 5491 1739 5536 me
1768 5470 2006 5554 praestantiam
2039 5470 2152 5534 horum

500 5582 712 5657 respecturum
741 5597 807 5641 esse
836 5595 940 5659 spero,
978 5575 1010 5640 si
1046 5575 1140 5654 iufra
1175 5575 1215 5640 in
1248 5575 1412 5642 indicibus
1441 5581 1472 5641 et
1501 5576 1587 5642 notis
1616 5576 1728 5642 horum
1757 5576 1896 5659 capitum
1925 5576 2070 5642 ordinem
2100 5597 2151 5641 33·

494 5703 650 5766 pressero.
697 5682 749 5747 De
772 5680 976 5764 praestantia
998 5681 1138 5745 codicum
1161 5669 1219 5747 Alt
1240 5689 1269 5748 et
1294 5684 1325 5748 Τ
1336 5690 1356 5748 2
1381 5682 1562 5748 accuratius
1584 5682 1748 5765 disputavi
1771 5682 1810 5747 in
1836 5682 2010 5748 annalibus
2034 5683 2151 5772 ‘Neues

499 5789 636 5854 Archiv’
662 5788 862 5868 XXXVII,
882 5811 917 5872 p.
934 5788 1171 5869 441300.,,310’
1196 5788 1295 5855 etiam
1321 5810 1429 5854 eorum
1455 5795 1559 5854 artam
1581 5789 1797 5872 330000030330
1827 5787 2053 5873 demonstravi,
2079 5789 2151 5855 licet

500 5895 627 5978 saepirn
656 5894 741 5960 iuter
762 5915 795 5962 se
821 5893 1018 5976 discrepent,
1046 5895 1218 5960 secundom
1248 5897 1378 5962 classem
1408 5896 1534 5960 omnino
1566 5895 1657 5977 33000
1686 5896 1841 5973 videntur,
1873 5895 1926 5960 hic
1955 5873 2039 5968 ttttu'
2056 5895 2152 5962 etiam
2169 5923 2196 5965 n
