4634 6420
225 693 257 745 8.

85 787 131 840 71.
154 787 202 840 De
228 787 292 843 alio
318 788 459 845 caballo³

49 891 160 946 instate.

90 1088 247 1168 77.(71”).
265 1095 296 1151 Si
306 1097 370 1168 quin
380 1097 458 1168 eqni,

52 1198 174 1269 marach,
210 1199 329 1255 oculum
359 1217 458 1256 erens-

53 1303 126 1358 uerit

96 1509 143 1564 73.
167 1508 242 1579 (72).
269 1507 301 1564 Si
323 1508 387 1578 quie
412 1525 459 1563 ea-

57 1611 152 1666 ballo⁶
165 1611 284 1666 demine
298 1611 359 1665 eius
371 1629 461 1683 snper

59 1707 180 1770 sedens*
202 1715 377 1787 placuerat

1 1997 3 2018 μ
100 1921 146 1974 74.
162 1919 237 1992 (73).
261 1919 292 1976 Si
312 1921 375 1992 quis
392 1922 461 1976 dee·
511 1883 514 1892 ι

1 2063 2 2106 3
62 2023 156 2077 tricem
185 2024 223 2078 de
253 2024 329 2079 inter
350 2025 460 2080 inmen-

63 2119 293 2181 reiteraverit.

101 2231 147 2284 75.
160 2229 234 2300 (73).
251 2229 281 2286 Si
290 2230 354 2302 quis
363 2231 463 2285 iactat

64 2332 131 2386 inira
188 2339 272 2389 utero
333 2335 462 2406 peliame

0 2509 1 2514 ἵ
66 2430 193 2491 oceiditl.

103 2643 148 2695 74.
180 2641 211 2696 Si
240 2643 304 2713 quin
333 2643 461 2714 graeienr

67 2745 249 2800 iumentorum
282 2746 388 2819 pignus
418 2753 460 2802 tu-

69 2849 132 2902 ierit.

103 2953 148 3007 75.
189 2953 220 3007 Si
247 2953 311 3024 quis
348 2959 460 3008 taurum

67 3055 95 3109 de
116 3075 232 3110 veneant
256 3057 396 3112 furaverit
414 3059 460 3111 vel

66 3159 206 3214 occiderit.

103 3263 147 3315 iti.
181 3264 227 3316 De
256 3263 380 3335 wirigild
410 3264 458 3318 ba·

64 3366 135 3418 renis
165 3367 328 3421 rnordtotns
350 3367 396 3423 vel
418 3367 459 3422 fe·

63 3468 159 3524 mnae.

101 3573 146 3626 77.
186 3572 216 3626 Si
246 3573 310 3643 quis
341 3574 461 3628 muliere

1 3663 2 3676 ¹
61 3676 175 3747 gravida
198 3676 404 3748 instrigaverit.

1 3929 3 3935 ,
99 3881 145 3935 78.
165 3883 211 3935 De
227 3882 352 3952 pretium
368 3882 460 3937 bovis,

119 4189 166 4241 ta.
205 4187 235 4241 Si
265 4188 329 4259 quis
358 4207 458 4259 porea-

77 4292 146 4345 rium
170 4290 322 4346 occiderit.

96 4905 143 4958 80.
176 4902 208 4958 si
233 4902 298 4973 quis
327 4902 461 4956 ancillam

58 5006 191 5060 vestiaria
244 5005 327 5060 alteri
371 5005 459 5060 viola-

59 5109 133 5163 verit.

162 5567 193 5634 a)
216 5567 319 5618 cavallo
339 5563 378 5617 8⁸.

622 511 742 568 LEGES
764 511 1072 571 ALAMANNORUM.
1098 546 1131 553 —
1158 512 1243 567 LEX.
1287 509 1438 568 INDICES
1460 507 1495 563 Α.

688 699 713 750 9.

481 5565 510 5630 b)
530 5567 617 5618 LXXI
637 5574 682 5621 ete.
704 5562 742 5618 8⁸.

845 5567 871 5628 c)
892 5570 1023 5620 caballum
1044 5563 1083 5620 8⁸.

1130 698 1171 748 10.

1047 4201 1088 4250 72.
1109 4201 1149 4249 De
1166 4203 1271 4264 pastore
1291 4212 1351 4264 per-

972 4297 1053 4346 eurio.

1197 5569 1226 5630 d)
1246 5566 1335 5619 sedern
1357 5565 1394 5620 θ’.

1440 1505 1487 1559 ll.
1510 1505 1583 1578 (70).
1612 1507 1657 1560 De
1681 1523 1725 1570 ee,
1750 1503 1798 1575 qui

1398 1627 1502 1680 equum
1527 1608 1696 1680 placaverit,
1732 1608 1798 1661 dum

1396 1711 1542 1766 hominem
1585 1712 1706 1784 plagare
1750 1729 1798 1766 ve,-

1396 1815 1491 1870 luerit.

1438 1918 1510 1990 (71).
1543 1919 1588 1972 De
1615 1936 1660 1987 ee,
1691 1919 1739 1990 qni
1770 1919 1799 1972 in

1397 2029 1481 2094 tropo
1510 2022 1547 2076 de
1573 2021 1708 2077 iumentis
1731 2024 1797 2077 dee-

1397 2125 1497 2181 trieenr
1520 2124 1693 2180 involaverit
1704 2118 1723 2179 i·

1438 2230 1511 2302 (72).
1534 2231 1579 2284 De
1600 2246 1645 2298 ee,
1669 2228 1717 2300 qui
1733 2247 1797 2300 pre·

1396 2352 1483 2406 gnrnn
1526 2333 1684 2386 iumentum
1721 2331 1797 2386 fura-

1396 2436 1471 2490 verit
1493 2441 1522 2491 et
1543 2434 1730 2490 abortaverit.

1438 2639 1509 2712 (73).
1523 2639 1653 2706 Qualiter
1662 2640 1798 2710 iumenta,

1397 2744 1445 2815 qni
1472 2762 1595 2798 mensem
1617 2744 1726 2814 leserit,
1757 2745 1797 2798 in-

1397 2847 1557 2902 eludantur.

1438 2951 1510 3022 (74).
1534 2951 1579 3004 De
1597 2968 1641 3018 eo,
1666 2953 1715 3022 qui
1738 2958 1798 3007 tnn-

1396 3073 1457 3109 rurn
1494 3072 1612 3126 gregem
1650 3061 1798 3128 regentem

1396 3158 1575 3212 involaverit.

1437 3262 1510 3332 (75).
1545 3261 1600 3326 Qui
1633 3263 1799 3316 inertandus

1396 3366 1553 3437 inputatur.

1438 3569 1511 3640 (76).
1534 3571 1579 3624 De
1597 3587 1641 3638 ee,
1666 3570 1714 3640 qni
1734 3589 1797 3641 gra-

1397 3673 1462 3727 vide
1475 3673 1587 3728 mulieri
1599 3679 1698 3727 natum
1711 3673 1797 3728 inter-

1395 3775 1496 3830 ficerat.

1437 3880 1509 3950 (77).
1529 3880 1574 3934 De
1589 3879 1688 3950 preeie
1705 3880 1796 3934 bavis.

1437 4185 1509 4256 (78).
1539 4187 1584 4240 De
1608 4203 1652 4254 ee,
1677 4185 1724 4256 qni
1747 4203 1796 4256 pa-

1396 4295 1489 4342 stores
1511 4289 1556 4342 vel
1581 4288 1705 4342 artiiieea
1722 4288 1795 4343 oeci-

1397 4391 1479 4446 derit.

1437 4901 1509 4973 (79).
1538 4902 1583 4956 De
1607 4917 1651 4967 ee,
1675 4901 1723 4972 qui
1747 4919 1795 4955 an-

1396 5005 1491 5058 cillam
1513 5004 1678 5059 vestiariam
1703 5009 1732 5059 et
1746 5023 1795 5077 ge·

1395 5108 1523 5162 neeiaria
1546 5108 1742 5178 eonenpuerit.

1498 5569 1525 5634 e)
1546 5571 1693 5635 plagaverit
1713 5565 1751 5620 θ’.

56 5659 82 5728 g)
99 5663 172 5712 iectu
192 5655 234 5710 8⁸.
308 5660 337 5716 hi
358 5659 404 5710 laec
424 5659 477 5710 loce
488 5658 555 5725 fluia
574 5666 611 5712 ert
629 5659 733 5712 indicia.
808 5661 829 5726 i)
849 5661 911 5712 inde
930 5661 963 5712 at
984 5661 1031 5712 laec
1050 5661 1124 5712 titulo
1143 5660 1171 5712 in
1191 5661 1278 5712 indice
1296 5661 1401 5713 numm
1419 5661 1554 5712 titulorum
1572 5661 1675 5712 desunt.

129 5977 185 6027 LL.
208 5975 278 6025 Seet.
298 5977 320 6024 1.
340 5974 371 6026 V.

1895 4200 1939 4250 81.
1965 4201 2006 4250 De
2026 4215 2073 4264 pa·

1858 4301 1928 4346 atero
1943 4293 2072 4360 porcario.

1851 5567 1873 5631 f)
1893 5568 2023 5615 inurentes
2043 5563 2068 5614 8.
