4598 6436
683 1785 736 1858 ΙΙ.
776 1785 956 1858 INDEX
978 1782 1188 1861 CODICIS
1215 1787 1255 1859 K
1261 1800 1282 1860 ¹.

267 1945 342 2010 Hoc
378 1946 553 2011 decretum
589 1945 680 2028 apud
715 1965 831 2028 regem
865 1948 901 2009 et
935 1945 1106 2028 principes
1141 1946 1214 2009 eius
1247 1950 1283 2010 et
1317 1948 1410 2029 apud
1443 1950 1605 2011 cunctum
1642 1948 1807 2030 populum

159 2051 395 2116 Christianum
418 2053 477 2135 qui
500 2052 594 2115 iufra
616 2071 758 2134 regnum
784 2051 1051 2134 Mervungorum
1076 2051 1279 2115 consistunt.

725 2209 973 2274 INOIPlUNT
997 2210 1238 2275 CAPITULA.

126 2368 140 2406 a
258 2336 286 2410 Ι,
306 2342 335 2400 1.
373 2336 420 2400 Ut
443 2338 472 2399 si
494 2337 570 2419 quis
594 2335 681 2400 liber
702 2335 903 2398 Baiuvarius
922 2335 975 2399 vel
999 2335 1222 2418 quiscumque
1246 2335 1382 2399 alodem
1405 2355 1502 2398 suam
1526 2337 1569 2400 ad

416 2442 593 2508 ecclesiam
624 2442 680 2506 vel
706 2461 957 2524 quamcumque
984 2461 1054 2506 rem
1086 2441 1212 2505 donare
1237 2442 1395 2516 voluerit,
1429 2441 1570 2508 liberam

416 2549 542 2614 habeat
566 2551 783 2632 potestatem.

305 2662 335 2721 2.
371 2657 423 2720 De
446 2656 501 2719 his
524 2656 584 2738 qui
607 2658 728 2718 contra
750 2654 861 2737 legem
886 2653 1065 2718 ecclesiam
1088 2653 1250 2718 fraudare
1274 2654 1455 2718 voluerint.

232 2757 238 2772 ’
305 2769 334 2827 3.
373 2763 423 2825 De
447 2762 550 2825 furtis
574 2760 738 2826 ecclesiae
761 2759 932 2843 quomodo
956 2763 1204 2843 conponantur.

305 2874 335 2932 4.
371 2869 423 2932 De
448 2869 501 2931 his
524 2869 583 2951 qui
606 2888 741 2931 servum
765 2866 929 2931 ecelesiae
953 2867 996 2929 ad
1020 2867 1225 2949 fugiendum
1249 2867 1429 2932 suaserint.

305 2981 335 3039 5.
370 2974 423 3040 De
443 2975 497 3037 his
516 2974 575 3057 qui
593 2994 729 3037 servum
748 2973 912 3037 ecclesiae
934 2973 1006 3037 sine
1029 2972 1166 3037 mortali
1181 2973 1323 3038 crimine
1339 2973 1581 3038 interimerint.

305 3088 336 3145 6.
372 3082 424 3146 De
447 3082 502 3145 his
525 3081 585 3164 qui
608 3100 661 3144 res
685 3080 849 3144 ecclesiae
873 3080 952 3161 igne
975 3080 1211 3143 cremaverint.

305 3195 334 3251 7.
370 3188 421 3257 De
445 3188 500 3252 his
523 3187 583 3270 qni
605 3187 655 3252 rei
680 3190 761 3249 sunt
785 3188 820 3250 et
843 3186 1044 3268 confugium
1068 3185 1215 3250 fecerint
1239 3186 1284 3249 ad
1308 3186 1498 3251 ecclesiam.

304 3301 334 3358 8.
371 3295 424 3359 De
447 3294 683 3377 conpositione
703 3293 936 3356 ministrorum
957 3292 1130 3367 ecclesiae,
1151 3293 1322 3375 quomodo
1341 3299 1589 3376 conponantur.

305 3407 334 3464 9.
371 3401 423 3465 De
445 3400 644 3484 presbiteris
667 3399 722 3464 vel
746 3399 957 3474 diaconibus,
981 3399 1153 3481 quomodo
1177 3402 1425 3482 conponantur.

283 3513 334 3571 10.
371 3507 423 3571 De
447 3507 528 3570 solis
552 3507 720 3590 episcopis
743 3509 779 3570 et
802 3504 940 3568 illorum
964 3505 1218 3570 interfectione.

283 3620 335 3678 11.
371 3614 423 3678 De
447 3612 767 3682 sanctimonialibus
790 3611 845 3676 vel
870 3611 943 3676 Deo
968 3612 1101 3675 dicatis.

284 3727 335 3785 12.
372 3720 424 3785 De
447 3720 646 3804 presbiteris
665 3722 701 3782 et
720 3718 930 3794 diaconibus,
954 3721 994 3781 ut
1018 3718 1156 3782 minime
1184 3718 1343 3782 habitent
1366 3737 1443 3781 oum
1469 3718 1582 3782 mulie-

415 3827 520 3891 ribus.

286 3940 336 3998 13.
373 3933 425 3998 De
449 3934 578 3997 colonis
602 3932 656 3996 vel
679 3931 785 3996 servis
809 3931 973 3995 ecclesiae
996 3930 1145 4013 qualiter
1169 3931 1329 3993 serviant.

652 4143 705 4206 II.
743 4144 801 4207 De
831 4144 1008 4207 vitiatis
1038 4142 1317 4206 animalibus.

1647 2245 1711 2296 aaa
1729 2245 1809 2296 odam

1681 2395 1683 2398 ,
1707 2336 1735 2408 I,
1754 2342 1783 2400 1.

1751 2661 1771 2720 2

1753 2768 1773 2826 3

1752 2873 1783 2930 4.

1754 2980 1783 3038 5.

1755 3087 1773 3143 6

1752 3193 1769 3250 7

1754 3299 1772 3356 Β

1754 3406 1784 3464 9.

1733 3512 1784 3570 10.

1733 3618 1782 3676 11.

1734 3725 1783 3783 12.

1731 3936 1783 3995 13.

311 4279 337 4336 l.
372 4271 409 4334 Si
432 4270 563 4334 laesum
587 4269 735 4351 recipere
759 4267 920 4332 noluerit.
1584 4266 1730 4344 x11112,
1755 4274 1784 4331 7.

306 4383 335 4441 2.
371 4378 407 4441 Si
430 4377 568 4441 oculum
593 4375 736 4439 alterius
759 4373 917 4437 animalis
941 4374 1138 4438 excusserit.

306 4491 335 4548 3.
372 4484 409 4547 Si
432 4483 511 4547 bovi
535 4503 687 4547 cornum.

307 4595 335 4653 4.
376 4590 412 4653 Si
436 4609 570 4653 vaccae.

306 4703 336 4760 5.
372 4697 409 4760 Si
433 4696 576 4760 caudam
602 4694 843 4777 amputaverit.

308 4811 337 4867 6.
374 4803 426 4866 De
450 4801 688 4866 mediocribus.

307 4916 336 4973 7.
373 4909 426 4974 De
450 4907 688 4973 deterioribus.

307 5023 336 5081 8.
374 5015 426 5080 De
450 5036 572 5080 vaccae
596 5013 793 5077 huiusmodi
817 5012 977 5077 laesione.

308 5129 338 5186 9.
375 5123 427 5186 De
450 5123 578 5185 iniuste
601 5121 671 5183 usis
695 5118 911 5183 animalibus.

286 5233 337 5294 10.
374 5229 464 5293 Item
488 5234 527 5291 ut
551 5247 663 5310 supra,
688 5227 717 5290 si
740 5225 989 5290 contumaciter
1012 5228 1241 5308 perpetratur.

287 5341 337 5399 11.
373 5335 423 5400 Ut
446 5335 586 5397 minime
610 5335 805 5417 praesumat
828 5332 989 5396 alienum.

287 5447 338 5506 12.
374 5441 512 5504 Animal
535 5440 701 5504 occidere.

1754 4379 1783 4436 Β.

1754 4486 1784 4545 9.

1733 4593 1783 4652 10.

1734 4699 1784 4758 11.

1735 4806 1785 4864 12.

1734 4913 1785 4972 13.

1734 5020 1784 5078 14.

1734 5125 1785 5184 15.

1733 5232 1783 5290 16.

1734 5382 1785 5440 17.

269 5668 299 5754 1)
322 5677 383 5736 Hic
404 5676 492 5736 iodea:
514 5695 569 5735 ooo
593 5675 744 5735 concordat
765 5691 828 5733 cam
850 5673 950 5733 ordine
972 5674 1098 5746 capitam
1121 5677 1214 5730 aaran
1236 5671 1360 5730 eiusdem
1383 5672 1497 5732 codicia.
1568 5662 1600 5751 2)
1622 5673 1683 5733 Hie
1708 5672 1808 5735 taam

115 5802 142 5843 cs
160 5783 192 5842 ia
214 5787 292 5843 testu
315 5783 419 5843 codicis
443 5777 482 5840 K
500 5783 586 5842 deest.
